1930 3060
140 84 242 151 136

708 92 944 135 HORATI
986 92 1233 142 EVPODON

403 226 667 282 petamque
703 218 865 289 vultus
899 216 1073 265 umbra
1106 216 1264 265 curvis
1300 215 1558 279 unguibus·

537 312 662 359 quae
696 296 768 344 vis
804 296 1017 345 deorum
1046 305 1119 345 est
1154 294 1388 368 manium,

404 386 453 427 et
488 376 718 439 inquietis
754 377 973 426 assidens
1010 376 1306 440 praecordiis
1745 394 1797 438 95

537 474 718 520 pavore
755 474 956 506 somnos
993 460 1223 506 auferam.

403 555 491 588 vos
526 540 670 586 turba
704 538 903 586 vicatim
939 539 1057 586 hinc
1091 548 1140 587 et
1175 538 1292 588 hinc
1326 538 1455 587 saxis
1489 547 1666 602 petens

539 619 812 666 contundet
848 619 1092 668 obscenas
1127 635 1251 667 anus
1266 635 1281 678 ;

405 709 517 763 post
552 699 796 762 insepulta
830 701 1053 748 membra
1087 699 1312 749 different
1348 699 1452 762 lupi

540 789 589 829 et
625 779 910 842 Esquilinae
944 779 1098 839 alites,
1726 799 1803 829 100

405 878 567 924 neque
602 863 698 910 hoc
733 871 974 924 parentes,
1013 862 1108 910 heu
1144 861 1264 910 mihi
1301 859 1597 925 superstites,

539 942 758 1005 effugerit
794 943 1164 1006 spectaculum.’

928 1298 1011 1346 VI.

410 1493 544 1557 Quid
580 1494 880 1545 immerentis
916 1495 1135 1560 hospites
1171 1513 1318 1548 vexas
1352 1497 1490 1550 canis

543 1578 745 1639 ignavus
782 1578 1042 1626 adversum
1079 1579 1263 1642 lupos?

408 1656 527 1720 quin
565 1658 662 1707 huc
696 1657 871 1718 inanis,
909 1658 949 1707 si
985 1668 1144 1724 potes,
1181 1660 1326 1710 vertis
1362 1660 1521 1711 minas

545 1748 593 1787 et
629 1755 709 1788 me
744 1756 1074 1790 remorsurum
1110 1741 1271 1805 petis?

410 1836 522 1868 nam
561 1820 717 1883 qualis
752 1831 837 1870 aut
876 1823 1127 1872 Molossus
1161 1832 1247 1872 aut
1281 1825 1441 1873 fulvus
1478 1826 1659 1884 Lacon,
1781 1843 1805 1888 5

544 1902 703 1950 amica
738 1902 811 1950 vis
845 1903 1142 1966 pastoribus,

410 1999 554 2046 agam
590 1999 678 2046 per
713 1985 835 2032 altas
871 2001 987 2033 aure
1024 1986 1217 2034 sublata
1251 1985 1402 2047 nives,

544 2080 888 2128 quaecumque
923 2068 1188 2129 praecedet
1222 2068 1332 2116 fera.

409 2153 478 2204 tu,
516 2162 632 2193 cum
667 2146 888 2196 timenda
924 2163 1045 2197 voce
1080 2148 1339 2211 complesti
1375 2165 1564 2212 nemus,

543 2226 816 2290 proiectum
853 2230 1073 2278 odoraris
1109 2229 1288 2279 cibum.
1761 2252 1810 2281 10

411 2323 542 2368 cave,
582 2325 728 2357 cave:
779 2325 995 2371 namque
1030 2310 1081 2359 in
1119 2313 1277 2361 malos
1313 2312 1607 2376 asperrimus

545 2399 712 2452 parata
747 2391 869 2439 tollo
904 2407 1102 2454 cornua,

413 2471 568 2533 qualis
606 2472 887 2535 Lycambae
924 2482 1113 2536 spretus
1148 2472 1302 2523 infido
1336 2491 1485 2538 gener

545 2563 627 2602 aut
662 2569 776 2602 acer
809 2553 963 2603 hostis
1000 2556 1199 2618 Bupalo.

411 2649 488 2692 an,
529 2634 679 2696 siquis
715 2644 820 2683 atro
857 2637 1006 2684 dente
1042 2652 1123 2685 me
1159 2636 1400 2700 petiverit,
1761 2655 1808 2702 15

546 2714 729 2763 inultus
765 2724 819 2763 ut
855 2716 985 2765 flebo
1019 2720 1176 2780 puer?
