1930 3060
646 110 762 151 LIB.
802 110 887 151 111.
928 100 1179 151 xi—xiii.
1689 110 1760 166 79

855 249 976 296 XII.

149 362 439 412 Miserarum
476 371 551 411 est
584 378 749 426 neque
784 362 939 412 amori
975 363 1093 411 dare
1129 363 1304 411 ludum
1341 379 1502 426 neque
1539 363 1673 412 dulci

146 446 277 494 mala
310 443 429 494 vino
462 445 625 493 lavere
660 453 745 494 aut
780 444 1049 494 exanimari
1085 444 1351 494 metuentis

279 536 482 590 patruae
517 528 722 575 verbera
755 526 968 591 linguae.

145 622 235 673 tibi
268 623 471 686 qualum
510 623 785 686 Cythereae
818 639 945 687 puer
978 625 1093 683 aleS,
1132 622 1222 673 tibi
1258 625 1379 673 telas

145 721 484 770 operosaeque
522 705 779 754 Minervae
814 702 1033 754 studium
1068 707 1237 765 aufert,
1278 708 1525 766 Neobule‚
1733 724 1757 770 5

279 785 508 851 Liparaei
543 786 675 836 nitor
711 788 887 848 Hebri,

145 882 292 934 simul
326 894 506 934 unctos
542 883 789 933 Tiberinis
825 901 1024 934 umeros
1059 885 1177 935 lavit
1210 884 1262 934 in
1299 885 1459 946 undis,

145 982 298 1030 eques
330 965 442 1030 ipso
477 966 651 1016 melior
686 967 1083 1030 Bellerophonte,
1122 984 1284 1031 neque
1320 984 1490 1032 pugno

279 1065 445 1113 neque
479 1047 616 1113 segni
651 1048 783 1112 pede
820 1050 976 1098 victus
993 1069 1006 1110 3

144 1154 283 1196 catus
317 1145 452 1195 idem
488 1162 579 1209 per
612 1155 838 1209 apertum
873 1146 1105 1211 fugientis
1141 1147 1347 1212 agitato’
1711 1167 1761 1197 10

144 1245 290 1293 grege
325 1245 496 1278 cervos
531 1228 734 1277 iaculari
770 1238 819 1278 et
854 1231 986 1279 celer
1019 1238 1126 1279 arto
1161 1231 1440 1280 latitantem

280 1309 508 1360 fruticeto
543 1310 769 1374 excipere
804 1327 996 1375 aprum.

839 1469 989 1516 XIII.

347 1585 396 1634 O
432 1585 542 1633 fons
580 1583 871 1643 Bandusiae,
911 1584 1217 1648 splendidior
1252 1585 1393 1645 vitro,

347 1668 479 1716 dulci
517 1666 665 1731 digne
703 1683 839 1716 mero
875 1683 978 1715 non
1016 1666 1121 1716 sine
1157 1667 1374 1730 floribuS‚

415 1765 522 1797 cras
557 1748 821 1798 donaberis
857 1750 1035 1811 haed0,

482 1830 561 1879 cui
597 1831 731 1879 frons
768 1830 960 1895 turgida
995 1831 1228 1880 cornibus

346 1926 516 1991 primis
552 1936 602 1976 et
637 1944 867 1977 venerem
905 1938 954 1977 et
989 1928 1177 1992 proelia
1211 1928 1440 1979 destinat.
1739 1946 1759 1991 5

346 2010 548 2059 frustra:
596 2026 713 2058 nam
747 2010 939 2074 gelidos
975 2010 1160 2060 inficiet
1195 2011 1285 2060 tibi
1335 2026 1338 2028 ·

414 2092 564 2141 rubro
599 2092 839 2156 sanguine
874 2092 1004 2142 rivos

482 2173 651 2223 lascivi
686 2176 886 2224 suboles
920 2175 1089 2239 gregis.

347 2277 398 2319 te
430 2268 680 2333 flagrantis
716 2279 856 2320 atrox
890 2272 1012 2320 hora
1050 2271 1319 2323 Caniculae

350 2349 508 2400 nescit
543 2360 757 2416 tangere,
796 2361 850 2401 tu
885 2352 1034 2417 frigus
1069 2353 1283 2403 amabile
1715 2375 1765 2406 10

417 2431 558 2481 sessis
592 2449 791 2483 vomere
827 2433 978 2484 tauris

486 2517 694 2577 praebes
730 2525 780 2565 et
815 2516 982 2579 pecori
1019 2534 1158 2582 vago.

350 2611 438 2659 fies
474 2611 712 2659 nobilium
751 2620 804 2660 tu
839 2629 1040 2676 quoque
1077 2614 1302 2674 sontium,

351 2707 430 2739 me
466 2691 663 2741 (licente
700 2693 834 2743 cavis
870 2695 1153 2759 impositam
1194 2699 1355 2746 ilicem

418 2774 560 2834 saxis,
599 2776 732 2824 unde
770 2777 1002 2840 loquaces
1716 2797 1762 2841 ¹5

485 2857 713 2920 lymphae
748 2858 981 2910 desiliunt
1016 2869 1143 2911 tuae.
