1930 3060
744 143 981 185 HORATI
1019 140 1360 184 CARMINUM

483 265 788 317 fastidiosam
826 267 999 315 desere
1034 263 1233 326 copiam
1268 271 1318 310 et

484 351 668 398 molem
706 347 1039 411 propinquam
1075 344 1291 393 nubibus
1326 340 1492 390 arduis
1507 358 1520 400 3

553 429 727 479 omitte
763 427 925 476 mirari
961 428 1138 476 beatae

619 511 811 559 fumum
848 518 897 558 et
932 524 1057 570 opes
1076 504 1451 567 *strepitumque
1489 504 1695 550 Romae.

489 664 780 726 plerumque
813 670 978 722 gratae
1014 658 1249 708 divitibus
1284 657 1431 716 vices,

490 744 807 806 mundaeque
842 758 996 805 parvo
1032 741 1123 789 sub
1156 741 1260 788 lare
1295 753 1572 802 pauperum

557 842 711 876 cenae
747 824 852 872 sine
887 822 1074 872 aulaeis
1109 830 1159 870 et
1194 830 1329 869 ostro

627 906 891 955 sollicitam
928 904 1204 967 explicuere
1238 902 1466 950 frontem.

494 1050 591 1099 iam
628 1050 786 1097 clarus
822 1048 1073 1096 occultum
1111 1043 1462 1092 Andromedae
1497 1051 1636 1104 pater

496 1129 714 1181 ostendit
750 1129 930 1192 ignem,
972 1127 1070 1175 iam
1109 1127 1333 1186 Procyon
1367 1122 1482 1172 furit

563 1222 613 1263 et
648 1212 790 1260 stella
826 1206 995 1258 vesani
1032 1205 1230 1265 Leonis,

631 1294 737 1342 sole
772 1291 878 1340 dies
912 1290 1152 1338 referente
1185 1286 1374 1347 siccos3

498 1438 597 1488 iam
632 1446 801 1502 pastor
835 1436 1034 1484 umbras
1068 1449 1183 1482 cum
1217 1447 1362 1496 grege
1396 1429 1631 1494 languido

500 1519 758 1582 rivumque
792 1518 949 1567 fessus
985 1514 1175 1579 quaerit
1209 1523 1259 1563 et
1292 1510 1478 1563 horridi

568 1603 772 1651 dumeta
806 1597 988 1648 Silvani
1022 1604 1254 1659 caretque

635 1683 742 1744 ripa
774 1679 910 1743 vagis
947 1677 1190 1728 taciturna
1223 1674 1395 1726 ventis.

503 1841 558 1882 tu
591 1831 842 1880 civitatem
878 1828 987 1892 quis
1022 1828 1200 1878 deceat
1235 1835 1391 1876 status

504 1929 660 1973 curas
697 1920 749 1962 et
782 1909 891 1960 urbi
927 1908 1166 1959 sollicitus
1200 1907 1361 1966 times,

572 1993 693 2056 quid
729 1995 870 2042 Seres
907 2000 957 2041 et
990 1998 1195 2054 regnata
1230 1990 1361 2052 Cyro

641 2077 815 2123 Bactra
850 2081 1027 2136 parent
1060 2069 1343 2133 Tanaisque
1378 2069 1578 2118 discors.

507 2219 727 2283 prudens
761 2214 906 2265 futuri
941 2214 1180 2277 temporis
1214 2211 1400 2262 exitum

509 2299 778 2362 caliginosa
813 2306 961 2346 nocte
996 2294 1176 2359 premit
1210 2295 1334 2343 deus

577 2380 814 2442 ridetque,
853 2378 893 2427 si
928 2375 1147 2426 mortalis
1181 2376 1308 2424 ultra

644 2463 717 2509 fas
753 2457 977 2522 trepidat.
1051 2458 1189 2520 quod
1223 2457 1363 2505 adest
1398 2462 1650 2503 memento

514 2618 814 2667 componere
850 2617 1064 2664 aequus:
1105 2608 1268 2649 cetera
1303 2598 1517 2647 fluminis

515 2688 608 2735 ritu
644 2687 874 2745 feruntur,
912 2698 1048 2730 nunc
1084 2680 1250 2730 medio
1286 2681 1428 2728 alveo

583 2784 696 2815 cum
734 2780 857 2827 pace
891 2761 1168 2812 delabentis
1203 2764 1464 2810 Etruscum

649 2849 700 2896 in
737 2863 886 2906 mare,
924 2861 1059 2894 nunc
1093 2844 1286 2907 lapides
1320 2843 1497 2892 adesos

1840 358 1888 386 10

1846 1303 1898 1332 20

1854 2310 1907 2352 30

1858 2778 1908 2820 35
