1930 3060
645 116 756 156 Lm.
800 115 874 157 1v.
916 105 1028 166 xiv,
1065 123 1155 158 xv.

329 247 380 288 te
415 253 518 286 non
554 235 780 300 paventis
815 236 988 284 funera
1024 236 1216 285 Galliae

330 320 585 382 duraeque
620 318 766 367 tellus
800 316 940 367 audit
979 317 1234 376 Hiberiae,

398 408 447 448 te
482 400 638 448 caede
671 399 948 462 gaudentes
984 397 1241 462 Sygambri

463 479 755 544 compositis
791 489 1088 531 venerantur
1121 480 1281 530 armis

848 681 956 727 XV.

330 806 564 856 Phoebus
599 806 849 855 volentem
888 804 1075 868 proelia
1112 821 1192 854 me
1228 803 1366 868 loqui

328 889 481 939 victas
516 897 566 937 et
600 889 749 937 urbes
783 886 1030 950 increpuit
1063 888 1180 949 lyra,

395 986 459 1020 ne
493 968 647 1033 parva
681 969 989 1032 Tyrrhenum
1026 985 1116 1032 per
1148 984 1335 1032 aequor

461 1053 573 1101 vela
606 1051 790 1100 darem.
864 1060 963 1111 tua,
1003 1052 1201 1111 Caesar,
1241 1060 1378 1101 aetas

328 1163 491 1226 fruges
526 1171 575 1211 et
610 1160 736 1224 agris
770 1162 958 1211 rettulit
992 1164 1170 1213 uberes

330 1255 378 1294 et
414 1244 554 1307 signa
588 1253 760 1293 nostro
795 1244 1005 1294 restituit
1043 1246 1152 1295 Iovi

397 1326 603 1389 derepta
641 1327 933 1375 Parthorum
971 1327 1194 1391 superbis

463 1407 692 1471 postibus
727 1418 776 1457 et
813 1424 1024 1458 vacuum
1061 1408 1237 1459 duellis

333 1522 512 1570 Ianum
550 1519 746 1582 Quirini
781 1519 955 1569 clausit
992 1529 1042 1569 et
1077 1522 1303 1571 ordinem

330 1612 519 1652 rectum
555 1602 783 1665 evaganti
819 1603 957 1651 frena
990 1602 1219 1653 licentiae

397 1683 564 1734 iniecit
599 1683 883 1748 emovitque
917 1686 1090 1749 culpas

465 1775 515 1815 et
551 1755 741 1815 'veteres
778 1766 1024 1816 revocavit
1060 1776 1202 1827 arteS,

329 1895 418 1944 per
450 1895 574 1944 quas
610 1880 840 1930 Latinum
878 1897 1063 1932 nomen
1100 1893 1148 1932 et
1187 1885 1345 1934 Italae

326 1977 524 2012 crevere
559 1960 684 2012 vires
719 1964 948 2027 famaque
986 1975 1033 2014 et
1070 1964 1247 2029 imperi

393 2053 619 2108 porrecta
652 2044 886 2096 maiestas
921 2046 986 2095 ad
1022 2057 1159 2096 ortus

460 2124 576 2176 solis
611 2127 674 2176 ab
715 2129 963 2191 Hesperio
999 2128 1164 2179 cubili.

326 2236 535 2287 custode
567 2253 727 2288 rerum
766 2240 979 2289 Caesare
1013 2255 1115 2288 non
1151 2241 1284 2291 furor

327 2317 483 2366 civilis
518 2326 603 2367 aut
639 2318 711 2368 vis
745 2319 907 2383 exiget
942 2320 1115 2380 otium,

395 2414 496 2449 non
533 2399 615 2459 ira,
653 2417 781 2464 quae
817 2403 1046 2465 procudit
1083 2420 1225 2454 enses

462 2491 509 2530 et
547 2482 748 2531 miseras
786 2482 1006 2533 inimicat
1041 2486 1201 2535 urbes.

329 2605 429 2639 non
467 2589 550 2653 qui
587 2592 887 2654 profundum
927 2593 1212 2646 Danuvium
1249 2596 1427 2651 bibunt

329 2670 493 2718 edicta
529 2682 760 2735 rumpent
799 2674 937 2733 Iulia,
975 2690 1077 2724 non
1115 2677 1289 2741 Getae,

397 2769 495 2801 non
535 2756 675 2802 Seres
713 2753 910 2805 infidive
949 2759 1140 2817 Persae,

461 2849 560 2883 non
599 2835 793 2884 Tanain
828 2853 983 2901 prope
1021 2838 1204 2890 flumen
1242 2841 1347 2891 orti.

1647 119 1735 157 121

1689 1626 1740 1657 10

1680 2511 1733 2540 20
