1930 3060
188 141 257 193 26

706 151 945 193 HORATI
985 152 1328 194 CARMINUM

923 330 1114 376 XXVI.

524 451 684 502 Musis
719 451 906 517 amicus
943 452 1185 500 tristitiam
1221 461 1270 501 et
1305 461 1464 501 metus

523 534 712 582 tradam
748 532 985 595 protervis
1020 532 1072 580 in
1108 549 1241 582 mare
1276 534 1526 583 Creticum

590 624 783 677 portare
818 613 992 672 ventiS,
1029 612 1139 675 quis
1175 615 1266 662 sub
1301 616 1455 663 Arcto

657 712 741 744 rex
775 694 969 758 gelidae
1004 703 1250 743 metuatur
1284 711 1412 755 orae,

525 817 646 880 quid
681 817 936 865 Tiridaten
972 825 1160 875 terreat,
1199 817 1346 865 unice
1834 833 1857 877 5

525 914 738 947 securus.
811 914 842 946 o
877 914 1003 960 quae
1039 897 1257 946 fontibus
1293 896 1492 962 integris

591 980 790 1042 gaudes,
829 978 1022 1041 apricos
1057 987 1201 1027 necte
1236 980 1398 1037 flores,

660 1069 804 1109 necte
840 1076 952 1108 meo
988 1059 1191 1108 Lamiae
1227 1075 1475 1121 coronam,

528 1177 737 1241 Pimplei
772 1178 942 1226 dulcis.
1016 1179 1084 1226 nil
1119 1177 1225 1228 sine
1261 1186 1310 1227 te
1346 1178 1444 1227 mei

526 1268 732 1323 prosunt
767 1259 1010 1308 honores:
1056 1260 1189 1308 hunc
1223 1259 1405 1308 fidibus
1441 1259 1596 1320 novis,
1813 1280 1861 1308 10

594 1342 727 1388 hunc
764 1340 946 1389 Lesbio
982 1356 1173 1389 sacrare
1207 1342 1396 1404 plectro

662 1431 808 1484 teque
843 1430 1050 1484 tuasque
1085 1423 1229 1471 decet
1264 1436 1465 1470 sorores

920 1612 1140 1661 XXVII.

530 1732 675 1782 Natis
709 1733 761 1782 in
796 1750 942 1783 usum
978 1733 1191 1784 laetitiae
1227 1734 1421 1799 scyphis

528 1831 744 1878 pugnare
780 1816 1027 1864 Thracum
1064 1825 1166 1865 est:
1213 1816 1368 1866 tollite
1403 1817 1661 1886 barbarum

597 1913 786 1946 morem
822 1899 1253 1960 verecundumque
1290 1899 1539 1946 Bacchum

665 1980 945 2042 sanguineis
981 1978 1240 2041 prohibete
1275 1978 1401 2028 rixis.

531 2101 648 2150 vino
684 2111 732 2150 et
767 2100 977 2150 lucernis
1015 2102 1198 2150 Medus
1233 2101 1462 2151 acinaces
1841 2118 1863 2163 5

532 2181 748 2231 immane
783 2191 1022 2246 quantum
1057 2181 1331 2246 discrepat:
1372 2182 1578 2246 impium

599 2263 748 2312 lenite
783 2265 1065 2323 clamorem,
1103 2265 1311 2323 sodaleS,

667 2355 716 2394 et
751 2344 918 2394 cubito
952 2355 1203 2395 remanete
1238 2362 1419 2409 presso.

531 2469 678 2517 vultis
715 2468 869 2517 severi
905 2485 984 2518 me
1020 2485 1221 2532 quoque
1256 2486 1451 2519 sumere

534 2560 724 2613 partem
762 2550 992 2598 Falerni?
1038 2551 1171 2599 dicat
1207 2550 1458 2614 Opuntiae
1806 2551 1868 2599 '10

601 2633 746 2680 frater
783 2632 1040 2694 Megyllae,
1080 2648 1182 2694 quo
1217 2632 1392 2681 beatus

669 2713 883 2771 vulnere,
921 2728 1020 2774 qua
1054 2722 1222 2775 pereat
1257 2712 1445 2776 sagitta.

284 2874 411 2905 xxvl.
439 2876 474 2915 9.
537 2864 712 2916 Pimplei
728 2864 763 2903 is
782 2864 990 2915 Bentley's
1010 2864 1193 2916 reading.
1251 2865 1343 2904 The
1363 2873 1460 2904 MSS.
1483 2864 1589 2903 have
1609 2864 1766 2916 Piplea.
