1930 3060
153 155 219 209 54

670 151 904 192 HORATI
945 150 1288 192 CARMINUM

419 292 519 324 non
555 274 685 323 enim
722 290 870 337 gazae
905 290 1067 336 neque
1103 273 1372 322 consularis

419 364 699 405 summovet
733 354 875 404 lictor
910 354 1112 404 miseros
1148 355 1386 403 tumultus
1773 375 1820 403 10

387 422 392 427 ⁵
423 436 601 486 mentis
637 446 686 486 et
722 429 864 484 cu‘ras
900 437 1130 498 laqueata
1162 435 1347 484 circum

555 525 687 565 tecta
720 517 944 565 volantis.

422 619 600 669 vivitur
633 634 785 681 parvo
820 619 964 677 bene,
1003 619 1081 666 cui
1116 627 1378 682 paternum

426 700 654 763 splendet
688 697 741 746 in
776 715 949 747 mensa
984 698 1122 754 tenui
1156 687 1398 747 salinum*
1519 711 1523 713 “
1557 717 1565 722 -

426 798 519 830 nec
553 781 674 828 levis
710 796 912 828 somnos
947 778 1094 828 timor
1127 788 1212 828 aut
1247 779 1432 844 cupido
1464 805 1481 810 ·—
1778 796 1824 840 15

561 860 791 909 sordidus
825 862 993 909 aufert.

428 965 551 1028 quid
586 963 723 1013 brevi
761 966 907 1013 fortes
943 963 1216 1012 iaculamur
1249 968 1456 1013 aevo!
1471 932 1598 991 *a*
1627 935 1848 999 &Q

431 1048 619 1095 multa?
667 1045 787 1108 quid
823 1054 973 1094 terras
1010 1045 1107 1094 alio
1143 1045 1348 1094 calentis

430 1130 534 1177 sole
570 1130 855 1176 mutamus?
901 1127 1088 1189 patriae
1112 1098 1239 1189 {suls
1271 1128 1383 1175 exul

565 1224 617 1256 se
652 1223 854 1270 quoque
889 1208 1047 1271 fugit?
1779 1225 1832 1254 20

431 1307 624 1358 scandit
660 1318 847 1358 aeratas
882 1308 1057 1371 vitioja
1092 1307 1242 1359 navis*

433 1406 550 1438 cura
584 1405 678 1438 nec
715 1399 900 1437 turmas
936 1390 1158 1452 equitum
1192 1388 1435 1453 relinquit,

434 1471 572 1521 ocior
605 1469 760 1519 cervis
795 1478 845 1518 et
879 1479 1056 1533 agente
1091 1470 1287 1519 nimbos

571 1550 707 1600 ocior
745 1553 894 1599 Euro.

437 1656 594 1704 laetus
630 1654 680 1702 in
715 1670 948 1717 praesens
983 1622 1190 1713 aiiiinus,
1227 1655 1365 1718 quod
1400 1655 1526 1703 ultra
1560 1662 1648 1713 est,
1786 1671 1836 1714 25

363 1794 369 1799 ¹
438 1733 596 1785 oderit
632 1750 801 1783 curare
836 1744 885 1783 et
919 1750 1086 1783 amara
1119 1735 1255 1784 lento

368 1826 681 1879 [temperet
716 1816 843 1865 risu:
890 1815 1014 1864 nihil
1049 1824 1123 1865 est
1157 1817 1223 1865 ab
1256 1814 1395 1866 omni

573 1905 711 1959 parte
746 1897 960 1945 beatum.

441 1996 643 2047 abstulit
677 1999 863 2045 clarum
898 1997 996 2046 cita
1032 2013 1164 2046 mors
1200 1995 1460 2056 Achillem,

442 2080 592 2141 longa
627 2077 899 2126 Tithonum
936 2075 1112 2126 minuit
1147 2086 1390 2135 senectus,
1789 2095 1843 2137 30

444 2168 493 2208 et
527 2158 648 2222 mihi
649 2160 859 2247 forsan,
897 2157 987 2207 tibi
1023 2158 1161 2221 quod
1195 2157 1397 2222 negarit,

517 2223 790 2302 ffl‘po'rrlget
823 2239 956 2287 hora.

446 2353 496 2391 te
529 2358 699 2406 greges
735 2351 933 2390 centum
970 2340 1260 2403 Siculaeque
1294 2339 1477 2390 circum

447 2421 672 2485 mugiunt
706 2438 900 2482 vaccae,
937 2420 1026 2470 tibi
1062 2420 1188 2470 tollit
1222 2416 1482 2495 hinnitum)

450 2513 566 2566 apta
601 2501 850 2566 quadrigis
885 2518 1028 2564 equa,
1063 2511 1112 2551 te
1148 2501 1222 2550 bis
1258 2503 1378 2550 Afro
1793 2516 1846 2562 35

583 2582 768 2631 murice
805 2582 986 2631 tinctae

448 2685 660 2733 vestiunt
696 2687 866 2733 lanae:
916 2684 1031 2732 mihi
1035 2700 1218 2747 parva
1251 2699 1363 2732 rura
1398 2692 1446 2731 et

451 2767 673 2830 spiritum
711 2766 886 2815 Graiae
923 2737 1123 2814 tcefffig'm
1159 2780 1395 2813 camenae
1462 2824 1473 2840 Ἰ

455 2851 607 2896 Parca
641 2865 742 2896 non
779 2848 994 2896 mendax
1029 2846 1168 2897 dedit
1205 2855 1252 2895 et
1288 2826 1558 2909 ηιέιῖἱέηυιὶι

584 2945 814 2991 spernere
849 2929 1379 2990 vulgus..
1797 2945 1852 2982 40
