1930 3060
569 126 684 167 LIB.
724 125 809 167 111.
850 115 1005 175 xxvi,
1047 114 1223 166 xxvii.

326 248 417 296 sed
449 245 604 305 vides,
641 255 831 310 quanto
867 245 1079 309 trepidet
1114 247 1330 295 tumultu

326 343 512 391 pronus
549 326 742 378 Orion:
784 343 879 391 ego
914 326 1037 390 quid
1071 327 1135 376 sit
1168 336 1275 377 ater

328 408 554 460 Hadriae
588 409 707 469 novi
742 409 879 458 sinus
914 418 964 458 et
998 407 1119 472 quid
1154 410 1298 458 albus
1377 457 1380 459 ,

459 500 636 554 peccet
673 493 842 554 Iapyx.

324 659 540 710 hostium
574 653 757 710 *uxores
791 662 1033 726 puerique
1067 677 1246 710 caecos

326 742 542 792 sentiant
577 751 743 792 motus
779 742 981 793 orientis
1014 743 1182 792 Austri
1218 751 1268 805 et

325 824 554 888 aequoris
588 824 712 888 nigri
747 824 993 875 fremitum
1029 834 1079 875 et
1113 824 1366 875 trementis

462 907 664 956 verbere
699 905 846 970 ripas·

325 1064 397 1115 sic
429 1074 481 1115 et
518 1066 719 1128 Europe
754 1064 952 1115 niveum
989 1065 1169 1115 doloso

328 1146 538 1197 credidit
571 1155 712 1196 tauro
748 1148 876 1197 latus
913 1157 961 1196 et
997 1156 1271 1197 scatentem

328 1228 487 1278 beluis
521 1236 731 1292 pontum
766 1228 1058 1291 mediasque
1093 1231 1290 1280 fraudes

463 1311 637 1375 palluit
670 1311 847 1360 audax.

330 1477 489 1527 nuper
522 1462 573 1511 in
606 1462 758 1527 pratis
793 1462 1015 1513 studiosa
1047 1464 1224 1514 florum
1260 1474 1309 1515 et

330 1542 531 1593 debitae
566 1544 812 1608 Nymphis
847 1545 1014 1608 opifex
1047 1561 1279 1605 coronae,

332 1633 481 1674 nocte
515 1625 750 1675 sublustri
784 1625 905 1674 nihil
939 1635 1071 1676 astra
1105 1635 1298 1690 praeter

464 1704 589 1756 vidit
622 1715 673 1756 et
707 1707 881 1756 undas.

331 1880 461 1929 quae
494 1863 643 1915 simul
676 1874 875 1915 centum
913 1866 1071 1932 tetigit
1104 1876 1363 1931 potentem

330 1946 528 2011 oppidis
563 1948 762 2008 Creten,
804 1952 816 1975 ‘
830 1958 984 2012 pater,
1022 1964 1053 1997 o
1089 1948 1316 1999 relictum

330 2027 460 2079 filiae
493 2044 679 2079 nomen
715 2028 997 2094 pietasque'
1034 2030 1157 2080 dixit

467 2114 481 2138 ‘
497 2109 627 2159 victa
660 2110 849 2161 furore!

331 2267 466 2318 unde
499 2284 601 2331 quo
635 2268 785 2319 veni?
830 2270 950 2320 levis
986 2286 1084 2320 una
1118 2286 1251 2322 mors
1287 2282 1361 2323 est

332 2347 571 2411 virginum
608 2350 797 2414 culpae.
870 2352 1141 2415 vigilansne
1176 2355 1318 2416 ploro

332 2438 473 2493 turpe
507 2430 844 2490 commissum,
882 2449 947 2482 an
982 2433 1110 2482 vitiis
1146 2444 1395 2486 carentem

468 2510 593 2561 ludit
629 2512 794 2576 imago

333 2682 475 2728 vana,
511 2685 639 2731 quae
675 2679 814 2734 porta
851 2670 1041 2736 fugiens
1076 2673 1264 2723 eburna

332 2748 578 2798 somnium
615 2750 787 2802 ducit?
830 2752 1070 2804 meliusne
1106 2754 1284 2804 fluctus

332 2827 403 2879 ire
437 2846 523 2893 per
558 2833 734 2896 longos
766 2832 871 2891 suit,
908 2851 972 2884 an
1008 2836 1218 2886 recentis

467 2925 665 2975 carpere
700 2912 881 2964 flores?

1665 125 1734 181 93

1682 508 1736 539 20

1683 1565 1736 1610 30

1683 2050 1733 2094 35

1677 2539 1734 2577 40
