1930 3060
199 97 267 147 62

721 106 958 147 HORATI
997 105 1339 147 CARMINUM

466 247 554 279 eur
587 229 866 280 invidendis
901 231 1129 294 postibus
1164 240 1214 280 et
1246 246 1434 280 novo(
1462 191 1574 254 ΑΗ
1611 191 1653 272 7
1715 181 1840 214 w
1811 171 1930 291 4χὼ

467 310 677 360 sublime
711 310 805 360 ritu
840 310 1013 360 moliar
1045 311 1256 360 atrium?
1695 370 1702 373 =
1776 356 1788 383 4

534 408 621 439 cur
658 394 780 446 valle
816 404 1092 455 permutem
1127 392 1385 442 Sabinas
1412 381 1470 424 Ν
1502 375 1628 480 &7
1668 391 1720 413 κ
1763 370 1779 401 ¹¹

602 473 795 523 divitias
832 474 1217 537 operosioresL
1253 508 1302 567 h
1363 504 1486 559 spu

1811 354 1905 416 (ζ,

408 582 515 609 «xa
572 555 764 603 wast(
826 582 873 599 κ
917 564 971 601 M
1015 568 1123 608 &xi
1151 580 1422 678 ww!

994 663 1160 729 IL'TL‘·
1246 676 1257 733 ‘,
1312 686 1380 725 ι’»

469 807 745 868 Angustam
782 804 939 853 amice
975 803 1262 867 pauperiem
1296 802 1398 866 pati

468 889 697 935 robustus
733 885 831 934 acri
867 885 1041 934 militia
1075 901 1199 948 puer

534 967 789 1016 condiscat
824 976 872 1016 et
909 967 1114 1015 Parthos
1150 966 1325 1015 ferocis

602 1058 744 1097 vexet
780 1064 932 1110 eques
967 1049 1262 1097 metuendus
1295 1044 1437 1095 hasta

469 1157 722 1220 vitamque
758 1160 849 1207 sub
886 1158 1002 1207 divo
1038 1167 1087 1207 et
1122 1157 1324 1220 trepidis
1360 1167 1471 1220 agat
1844 1175 1867 1219 5

469 1239 522 1288 in
556 1241 714 1288 rebus.
786 1238 923 1287 illum
960 1255 1020 1288 ex
1054 1238 1316 1288 moenibus
1350 1236 1550 1288 hosticis

537 1329 762 1368 matrona
796 1320 1025 1369 bellantis
1060 1319 1252 1383 tyranni

603 1400 908 1463 prospiciens
943 1411 992 1450 et
1027 1402 1196 1451 adulta
1228 1401 1365 1465 virgo

470 1509 691 1573 suspiret,
731 1511 872 1570 eheu,
909 1526 972 1559 ne
1006 1511 1139 1560 rudis
1174 1511 1428 1575 agminum

469 1607 682 1655 sponsus
717 1592 924 1640 lacessat
957 1593 1118 1655 regius
1152 1608 1378 1656 asperum
1819 1614 1869 1644 10

537 1682 674 1722 tactu
709 1673 921 1730 leonem,
957 1689 1107 1737 quem
1142 1683 1345 1723 cruenta

602 1770 690 1816 per
725 1754 912 1803 medias
946 1756 1073 1818 rapit
1106 1754 1176 1804 ira
1209 1757 1401 1805 caedes,

469 1865 616 1914 dulce
651 1874 699 1915 et
726 1853 969 1915 ⁹decorum
1005 1874 1080 1916 est
1114 1881 1205 1929 pro
1239 1866 1394 1928 patria
1428 1865 1582 1918 mori:

469 1962 601 1995 mors
636 1955 685 1995 et
720 1948 943 2010 fugacem
978 1946 1287 2010 persequitur
1319 1948 1476 1996 virum

535 2043 628 2076 nec
662 2029 817 2090 parcit
850 2026 1061 2077 imbellis
1095 2027 1323 2078 iuventae
1818 2047 1867 2091 15

601 2108 871 2172 poplitibus
906 2108 1144 2159 timidove
1179 2119 1329 2172 terg0.

470 2216 621 2266 virtus
657 2221 879 2281 repulsae
915 2218 1080 2268 nescia
1114 2220 1344 2270 sordidae

468 2299 768 2349 intaminatis
802 2302 954 2364 fulget
988 2300 1258 2351 honoribus

537 2396 630 2429 nec
665 2381 811 2430 sumit
846 2391 931 2430 aut
966 2382 1107 2445 ponit
1142 2382 1324 2432 securis

602 2462 802 2512 arbitrio
838 2463 1086 2526 popularis
1120 2480 1279 2513 aurae.
1813 2485 1868 2515 20

469 2572 619 2620 virtus
653 2574 912 2621 recludens
946 2572 1200 2622 immeritis
1235 2572 1359 2623 mori

468 2654 657 2701 caelum
695 2663 871 2717 negata
907 2662 1114 2717 temptat
1147 2653 1239 2704 iter
1271 2655 1352 2705 via

536 2744 805 2797 coetusque
838 2735 1048 2799 vulgaris
1083 2745 1132 2784 et
1167 2736 1316 2785 udam

604 2815 790 2878 spernit
823 2817 1029 2864 humum
1063 2815 1281 2880 fugiente
1314 2817 1480 2881 pinna.
