1930 3060
651 100 766 141 LIB.
810 100 888 142 IV.
928 90 1043 150 xiii,
1083 89 1194 141 xiv.
1667 101 1767 154 119

852 298 992 345 XIV.

351 445 494 507 Quae
528 459 646 492 cura
680 453 878 507 patrum
914 458 1105 506 quaeve
1142 440 1410 504 Quiritium

351 525 512 589 plenis
548 526 793 575 honorum
830 525 1119 573 muneribus
1156 533 1277 583 tuas,

418 609 656 671 Auguste,
695 607 899 656 virtutes
935 605 987 654 in
1022 622 1201 656 aevum

484 706 573 753 per
607 689 778 738 titulos
814 679 1159 751 memoresque
1194 689 1348 739 fastus

347 838 582 884 aeternet,
618 845 650 877 o
686 843 787 891 qua
821 829 896 877 sol
931 826 1213 877 habitabilis
1738 842 1762 887 5

348 909 554 960 illustrat
589 926 714 970 oras,
755 908 969 959 maxime
1005 908 1284 972 principum
1301 910 1324 957 Ρ

419 1009 568 1057 quem
604 991 726 1056 legis
762 1001 988 1055 expertes
1025 990 1234 1041 Latinae

480 1074 729 1124 Vindelici
765 1073 984 1123 didicere
1021 1089 1191 1136 nuper,

346 1214 471 1277 quid
508 1216 671 1264 Marte
707 1229 894 1278 posses.
967 1211 1122 1262 milite
1158 1228 1274 1261 nam
1310 1220 1397 1262 tuo
1451 1240 1454 1243 ⁴

350 1295 541 1344 Drusus
577 1295 866 1355 Genaunos‚
903 1294 1229 1357 implacidum
1264 1310 1436 1358 genuS‚
1711 1315 1762 1345 10

418 1377 737 1439 Breunosque
773 1374 958 1425 velocis
993 1385 1042 1424 et
1077 1390 1215 1424 arces

484 1456 692 1521 Alpibus
726 1456 983 1521 impositas
1020 1456 1288 1507 tremendis

347 1594 527 1644 deiecit
562 1611 676 1644 acer
710 1596 822 1659 plus
856 1594 967 1646 vice
1003 1595 1230 1660 simplici.

348 1675 503 1725 maior
538 1678 795 1726 Neronum
830 1693 949 1727 mox
982 1694 1130 1741 grave
1166 1678 1409 1742 proelium

413 1758 663 1808 commisit
697 1758 1028 1822 immanisque
1065 1762 1254 1810 Raetos
1710 1783 1725 1810 r
1734 1779 1756 1825 5

480 1839 711 1903 auspiciis
746 1840 938 1904 pepulit
974 1841 1221 1900 secundis,

344 1978 645 2041 spectandus
681 1978 732 2027 in
768 1978 1036 2029 certamine
1073 1980 1274 2039 Martio,

344 2058 526 2109 devota
560 2060 704 2110 morti
741 2069 947 2124 pectora
982 2062 1166 2113 liberae

410 2140 609 2204 quantis
643 2141 868 2206 fatigaret
904 2144 1068 2204 ruinis,

478 2221 746 2273 indomitas
782 2241 938 2288 prope
973 2226 1132 2290 qualis
1168 2229 1328 2279 undas
1703 2251 1755 2282 20

345 2368 540 2409 exercet
575 2363 758 2410 Auster
796 2361 1054 2412 Pleiadum
1091 2365 1246 2415 choro

347 2437 605 2489 scindente
640 2442 814 2500 nubes,
853 2442 1060 2507 impiger
1094 2445 1310 2496 hostium

412 2534 586 2569 vexare
622 2532 805 2572 turmas
840 2533 890 2573 et
926 2524 1219 2577 frementem

482 2602 676 2652 mittere
712 2619 896 2667 equum
931 2607 1125 2658 medios
1161 2625 1248 2672 per
1283 2609 1435 2674 ignes,

158 2777 253 2810 xlv.
277 2786 315 2821 ⁴·
373 2771 509 2814 There
529 2774 562 2814 is
581 2788 605 2814 a
624 2783 739 2828 great
760 2780 1096 2832 preponderance
1115 2782 1162 2822 os
1178 2785 1389 2839 authority
1403 2786 1500 2828 here
1521 2787 1585 2829 for
1591 2788 1748 2840 fastus,

80 2833 236 2888 though
257 2849 318 2878 we
337 2837 557 2892 bedsastis
575 2841 617 2881 in
638 2842 708 2883 the
728 2845 919 2896 previous
938 2847 1018 2888 ode
1041 2849 1086 2897 (1.
1115 2850 1180 2902 15)
1200 2851 1426 2905 andfastos
1446 2853 1488 2895 in
1510 2865 1581 2896 111.
1610 2869 1667 2907 ¹7·
1693 2872 1731 2907 4.
