1930 3060
792 91 1021 143 x—xiii.
1650 103 1743 154 141

139 243 276 277 nunc
309 224 563 291 gloriantis
597 223 869 288 quamlibet
905 223 1243 272 mulierculam

272 307 471 356 vincere
506 303 716 355 mollitia
750 320 892 354 amor
927 303 1120 368 Lycisci
1156 320 1238 353 me
1274 312 1442 364 tenet3

139 389 272 438 unde
308 386 540 451 expedire
576 401 681 435 non
716 384 991 434 amicorum
1027 393 1215 447 queant
1698 402 1750 445 25

272 470 427 520 libera
459 467 668 518 consilia
703 483 798 517 nec
833 464 1167 516 contumeliae
1202 481 1387 528 graveS,

139 552 228 602 sed
263 550 388 601 alius
422 551 569 600 ardor
602 559 685 599 aut
722 551 916 613 puellae
951 547 1197 598 candidae

273 642 358 682 aut
392 630 559 682 teretis
594 633 735 696 pueri
771 632 972 695 longam
1009 631 1297 680 renodantis
1333 645 1545 678 comam.

827 840 980 888 XIII.

142 1000 362 1052 Horrida
394 1009 663 1064 tempestas
698 1001 892 1048 caelum
929 998 1183 1058 contraxit,
1225 1007 1274 1047 et
1308 997 1492 1049 imbres

249 1083 512 1147 ‘nivesque
534 1082 794 1131 deducunt
820 1083 995 1130 Iovem
1010 1098 1025 1142 3
1060 1097 1197 1129 nunc
1222 1098 1370 1140 mare,
1397 1079 1712 1131 nunc-siluae

140 1161 374 1212 Threicio
411 1161 661 1224 Aquilone
697 1169 906 1209 sonant:
954 1159 1217 1223 rapiamus,
1255 1160 1430 1220 amice,

276 1243 592 1293 occasionem
630 1243 694 1291 de
729 1241 825 1301 die,
863 1242 1085 1304 dumque
1118 1243 1279 1291 virent
1313 1253 1476 1306 genua

142 1335 194 1376 et
228 1326 390 1384 decet,
425 1324 646 1374 obducta
681 1324 898 1372 solvatur
933 1325 1095 1372 fronte
1133 1334 1376 1373 senectus.
1727 1341 1750 1386 5

276 1414 328 1455 tu
364 1404 479 1453 vina
514 1406 771 1467 Torquato
806 1420 952 1454 move
990 1405 1196 1453 consule
1231 1420 1402 1467 pressa
1435 1421 1564 1463 meo,

141 1497 305 1538 cetera
341 1485 480 1537 mitte
514 1485 680 1550 loqui:
729 1487 852 1536 deus
887 1487 1011 1535 haec
1046 1487 1250 1535 fortasse
1288 1487 1502 1550 benigna

276 1569 479 1617 reducet
514 1566 564 1615 in
600 1568 771 1617 sedern
807 1565 926 1616 vice.
999 1583 1133 1615 nunc
1169 1577 1217 1616 et
1254 1565 1595 1616 Achaemenio

142 1649 373 1714 perfundi
406 1652 565 1702 nardo
599 1649 732 1697 iuvat
768 1657 819 1698 et
854 1650 953 1714 fide
989 1650 1227 1712 Cyllenea

277 1731 438 1780 levare
471 1728 589 1779 diris
625 1740 830 1793 pectora
864 1729 1295 1788 sollicitudinibuS,
1703 1750 1752 1780 10

144 1811 323 1862 nobilis
357 1821 412 1861 ut
445 1812 620 1876 grandi
656 1812 836 1862 cecinit
873 1814 1151 1862 Centaurus
1187 1814 1423 1862 alumno:

279 1893 487 1944 ‘invicte
521 1893 741 1943 mortalis
777 1895 871 1944 dea
905 1903 1020 1944 nate
1055 1910 1179 1957 puer
1213 1894 1443 1954 Thetide,

142 1984 192 2026 te
226 1984 393 2025 manet
427 1975 654 2023 Assaraci
691 1976 852 2034 telluS,
889 1992 1037 2039 quam
1075 1975 1252 2039 frigida
1285 1975 1388 2024 ravi

275 2056 469 2106 findunt
503 2057 792 2108 Scamandri
827 2057 1047 2117 flumina,
1080 2057 1299 2108 lubricus
1334 2067 1384 2107 et
1419 2056 1612 2119 SimoiS,

140 2137 273 2187 unde
308 2136 399 2188 tibi
433 2138 646 2188 reditum
682 2148 818 2189 certo
853 2139 1136 2190 subtemine
1174 2142 1356 2189 Parcae
1702 2159 1747 2203 15

273 2234 463 2283 rupere,
499 2236 595 2269 nec
629 2231 788 2270 mater
821 2222 1027 2271 domurn
1067 2223 1265 2271 caerula
1300 2231 1349 2272 te
1384 2223 1596 2273 revehet.

138 2300 238 2350 illic
271 2316 423 2350 omne
457 2302 642 2351 malum
679 2303 796 2351 vino
831 2312 1080 2366 cantuque
1116 2305 1294 2362 levam,

273 2381 509 2432 deformis
544 2383 875 2448 aegrimoniae
912 2384 1142 2434 dulcibus
1177 2383 1440 2448 alloquiis!

153 2571 259 2604 xllx.
290 2575 330 2614 3.
385 2566 514 2604 amice
531 2564 566 2604 is
585 2564 809 2618 Bentley's‚
830 2565 893 2605 for
910 2566 1038 2606 amici
1055 2566 1103 2606 of
1116 2566 1187 2606 the
1208 2577 1305 2606 Mss.

159 2643 220 2681 ¹3·
278 2633 374 2670 ravi
398 2631 433 2672 is
452 2631 703 2673 Oberdick’s
721 2633 1005 2673 emendation.
1054 2635 1092 2673 T
1094 2634 1146 2674 he
1175 2645 1269 2675 MSS.
1299 2636 1405 2676 have
1417 2638 1560 2688 parvi.
1613 2637 1748 2679 Other

77 2699 364 2740 emendations
383 2699 489 2741 have
509 2701 613 2741 been
633 2702 840 2755 proposed
858 2718 868 2743 :
899 2714 979 2755 e-g.
991 2703 1135 2756 proni,
1143 2703 1275 2758 flavi,
1289 2706 1410 2759 pari,
1433 2707 1559 2746 tardi.
