1930 3060
643 113 758 155 LIB.
799 113 884 153 ΙΙΙ.
927 101 1039 162 xiv,
1077 117 1166 150 xv.

331 238 365 300 i,
401 246 517 302 pete
551 246 876 301 unguentum,
914 250 1048 299 puer,
1088 243 1137 283 et
1172 247 1380 281 coronas

332 329 384 370 et
417 321 600 369 cadum
637 317 794 368 Marsi
827 332 1101 367 memorem
1136 313 1304 373 duelli,

334 403 624 466 Spartacum
660 400 801 464 siqua
834 398 998 464 potuit
1032 407 1291 462 vagantem

468 485 635 533 fallere
669 492 808 533 testa.

333 590 418 642 dic
451 601 502 641 et
536 600 736 654 argutae
770 597 1001 653 properet
1038 589 1263 636 Neaerae

335 668 604 723 murreum'
621 673 759 722 nodo
793 671 1028 720 cohibere
1062 668 1249 718 crinem
1266 686 1283 730 3

336 757 377 807 si
413 772 500 820 per
533 754 747 804 invisum
781 768 922 802 mora
954 751 1216 800 ianitorem

469 839 569 895 fiet,
606 836 755 885 abito.

334 947 457 998 lenit
492 948 749 995 albescens
784 942 980 992 animos
1015 941 1221 1006 capillus

335 1029 495 1079 litium
529 1037 580 1078 et
614 1022 747 1076 rixae
783 1026 994 1089 cupidos
1030 1034 1318 1087 protervae3

337 1128 439 1162 non
476 1127 568 1174 ego
592 1110 701 1159 -hoc
735 1110 909 1158 ferrem
948 1107 1138 1156 calidus
1175 1105 1373 1156 iuventa

469 1193 677 1243 consule
714 1192 912 1239 Planco.

850 1478 963 1527 XV.

274 1625 415 1675 Uxor
447 1620 676 1687 pauperis
713 1621 867 1685 Ibyci,

407 1707 611 1755 tandem
649 1702 896 1767 nequitiae
931 1704 1025 1767 fige
1061 1702 1264 1752 modum
1301 1711 1415 1752 tuae

270 1788 572 1850 famosisque
607 1786 886 1836 laboribus:

408 1877 602 1918 maturo
637 1866 839 1931 propior
872 1865 1044 1916 desine
1080 1864 1237 1915 funeri

273 1948 400 2001 inter
433 1951 605 2000 ludere
637 1947 850 2012 virgines

407 2040 459 2082 et
493 2030 645 2081 stellis
680 2031 915 2080 nebulam
952 2045 1178 2093 spargere
1214 2028 1453 2079 candidis.

274 2127 392 2174 non,
428 2112 591 2176 siquid
628 2112 852 2162 Pholoen
889 2111 1021 2172 satiS,

410 2202 460 2244 et
495 2203 559 2253 te,
597 2194 782 2251 Chlori,
820 2195 996 2243 decet:
1043 2192 1141 2242 filia
1175 2193 1357 2243 rectius

277 2284 525 2339 expugnat
559 2276 794 2325 iuvenum
829 2275 1023 2334 domOS,

411 2357 557 2418 pulso
591 2355 775 2417 Thyias
810 2355 882 2403 uti
916 2355 1114 2405 concita
1149 2363 1400 2420 tympanO.

279 2437 411 2486 illam
446 2435 579 2500 cogit
612 2452 753 2485 amor
788 2436 944 2486 Nothi

413 2517 623 2566 lascivae
658 2516 865 2567 similem
903 2519 1073 2567 ludere
1108 2534 1346 2583 capreae:

280 2608 329 2649 te
365 2600 508 2648 lanae
543 2614 696 2662 prope
730 2599 948 2649 nobilem

414 2689 587 2729 tonsae
625 2679 898 2740 Luceriam,
938 2697 1038 2730 non
1075 2681 1288 2731 citharae
1325 2682 1504 2732 decent

281 2776 374 2811 nec
408 2762 500 2811 flos
535 2777 804 2825 purpureus
838 2778 979 2812 rosae

414 2859 508 2893 nec
543 2844 645 2907 poti
684 2845 900 2893 vetulam
936 2845 1074 2895 faece
1110 2854 1252 2894 tenus
1288 2845 1415 2895 cadi.

216 2954 343 2994 nu.

1673 93 1731 143 81

1690 492 1745 522 20

1693 957 1742 1000 25

1705 2377 1754 2407 10

1707 2784 1750 2827 ¹5
