1930 3060
137 143 199 182 10
650 140 888 181 HORATI
929 141 1273 183 CARMINUM

881 325 1028 372 VIII.

268 437 436 501 Lydia,
479 437 574 497 dic,
612 455 701 500 per
736 437 896 486 omnis

401 528 450 567 te
484 520 606 567 deos
643 534 743 583 oro,
784 518 988 580 Sybarin
1025 535 1110 567 cur
1143 535 1376 582 properes
1411 522 1625 570 amando

268 599 485 660 perdere,
522 615 606 647 cur
641 598 862 660 apricum

403 680 562 728 oderit
596 695 840 741 campum,
877 678 1066 742 patiens
1102 680 1311 742 pulveris
1345 689 1495 743 atque
1530 680 1658 740 solis,

271 777 358 809 cur
391 777 554 823 neque
588 759 806 808 militaris
1769 777 1792 821 5

404 841 531 889 inter
563 841 781 903 aequalis
818 841 1019 903 equitet,
1060 842 1252 890 Gallica
1287 858 1382 890 nec
1417 841 1594 905 lupatis

275 931 512 984 temperet
548 937 634 969 ora
667 921 851 969 frenis?

408 1019 494 1051 cur
528 1003 665 1050 timet
701 1002 881 1050 flavum
915 1002 1134 1052 Tiberim
1170 1005 1405 1066 tangere?
1450 1019 1537 1050 cur
1571 1002 1757 1051 olivum

276 1082 511 1145 sanguine
546 1082 765 1146 viperino
893 1091 897 1095 “

411 1163 601 1212 cautius
636 1163 756 1212 vitat
791 1180 952 1227 neque
989 1164 1085 1213 iam
1121 1163 1271 1213 livida
1304 1172 1463 1226 gestat
1498 1163 1645 1212 armis
1752 1183 1801 1212 10

279 1245 522 1304 bracchia,
560 1261 706 1308 saepe
742 1245 895 1304 disco,
1085 1239 1087 1241 ’

413 1343 562 1390 saepe
598 1336 729 1375 trans
763 1327 913 1375 finem
952 1328 1113 1376 iaculo
1148 1325 1327 1376 nobilis
1364 1325 1631 1389 expedito?

281 1409 400 1472 quid
435 1410 568 1467 latet,
606 1417 660 1456 ut
696 1407 912 1456 marinae

413 1489 567 1538 filium
604 1490 775 1537 dicunt
810 1489 1037 1538 Thetidis
1071 1490 1164 1537 sub
1199 1489 1458 1538 lacrimosa
1491 1488 1671 1537 Troiae

282 1573 464 1629 funera,
503 1587 565 1619 ne
602 1570 750 1618 virilis
1174 1574 1181 1582 '
1244 1615 1248 1618 .
1757 1585 1802 1628 15

416 1653 574 1700 cultus
609 1652 660 1698 in
695 1651 898 1700 caedem
935 1659 984 1699 et
1020 1652 1194 1714 Lycias
1227 1651 1498 1714 proriperet
1533 1650 1786 1698 catervas?

934 1850 1023 1898 IX.

419 1978 572 2027 Vides
608 1988 660 2027 ut
696 1981 795 2027 alta
830 1988 925 2028 stet
960 1978 1070 2027 nive
1106 1976 1374 2027 candidum

420 2061 618 2108 Soracte
653 2076 746 2109 nec
780 2060 877 2107 iam
914 2058 1188 2108 sustineant
1221 2075 1348 2108 onus

406 2165 411 2168 ·
490 2140 638 2189 silvae
674 2141 952 2189 laborantes
987 2141 1199 2203 geluque

556 2222 758 2270 flumina
793 2220 1101 2270 constiterint
1134 2228 1296 2270 acuto.

424 2322 638 2372 dissolve
673 2324 819 2386 frigus
856 2323 987 2387 ligna
1021 2338 1166 2386 super
1200 2323 1313 2371 foco
1789 2337 1812 2381 5

426 2405 556 2467 large
590 2421 834 2467 reponens
868 2414 1018 2466 atque
1053 2402 1315 2466 benignius

493 2485 729 2547 deprome
763 2484 1075 2548 quadrimum
1112 2482 1310 2544 Sabina,

561 2581 592 2614 o
628 2566 935 2626 Thaliarche,
972 2581 1162 2613 merum
1196 2563 1345 2612 diota.

429 2667 658 2730 permitte
693 2666 818 2715 divis
852 2677 1016 2715 cetera
1030 2683 1044 2726 3
1086 2664 1172 2728 qui
1207 2665 1351 2713 simul

431 2758 642 2796 stravere
676 2757 851 2796 ventos
885 2763 1096 2809 aequore
1130 2745 1335 2795 fervido·
1769 2760 1820 2791 10

435 2834 446 2846 ⁶
495 2827 860 2891 deproeliantis,
898 2844 991 2876 nec
1026 2826 1242 2893 cupressi

562 2925 656 2958 nec
692 2918 879 2957 veteres
915 2907 1158 2971 agitantur
1191 2905 1311 2956 orni.
