1930 3060
120 143 139 179 Ι
150 141 180 178 2
617 135 854 176 HORATI
893 134 1237 177 CARMINUM

380 266 434 305 tu
469 255 574 318 pias
610 255 748 304 laetis
784 255 972 304 animas
1007 254 1205 318 reponis

382 337 581 386 sedibus
616 335 845 399 virgaque
879 338 1037 385 levem
1074 351 1272 385 coerces

383 433 530 466 aurea
566 418 772 475 turbam,
811 404 998 479 superis
1034 418 1240 465 deorum

516 508 678 560 gratus
715 507 764 546 et
798 497 924 546 imis.
1724 515 1779 545 20

901 691 993 738 XI.

189 814 266 859 Tu
302 827 365 860 ne
400 810 661 874 quaesieris
699 810 842 876 (scire
878 811 1036 876 nefas)
1072 828 1221 875 quem
1258 811 1392 870 mihi,
1430 827 1577 874 quem
1615 810 1706 860 tibi

189 894 338 941 finem
374 892 426 940 di
461 892 701 948 dederint,
740 895 1022 950 Leuconoe,
1049 909 1151 942 nec
1188 893 1492 956 Babylonios

190 974 439 1035 temptaris
477 989 719 1021 numeros.
785 983 839 1021 ut
874 972 1060 1032 melius,
1098 973 1335 1036 quicquid
1371 974 1474 1032 erit,
1512 973 1629 1036 pati,

192 1070 277 1101 seu
313 1053 463 1115 pluris
500 1054 686 1102 hiemes
722 1069 806 1102 seu
843 1053 1010 1102 tribuit
1047 1053 1272 1117 Iuppiter
1306 1053 1546 1113 ultimam,

192 1150 318 1196 quae
353 1150 486 1182 nunc
521 1133 760 1197 oppositis
796 1134 1020 1183 debilitat
1054 1134 1334 1198 pumicibus
1370 1150 1502 1182 mare
1764 1149 1786 1193 5

192 1216 512 1277 Tyrrhenum.
586 1214 761 1278 sapias,
797 1215 912 1263 vina
947 1216 1104 1278 liques
1140 1225 1190 1265 et
1223 1218 1385 1280 spatio
1420 1215 1556 1265 brevi

195 1313 334 1359 spem
370 1299 567 1359 longam
603 1313 804 1346 reseces.
880 1299 998 1346 dum
1035 1297 1294 1360 loquimur,
1331 1297 1507 1361 fugerit
1540 1297 1709 1347 invida

195 1389 357 1427 aetas:
406 1395 550 1442 carpe
587 1378 734 1439 diem,
772 1395 921 1441 quam
958 1378 1219 1428 minimum
1255 1381 1459 1429 credula
1492 1389 1704 1443 postero,

902 1573 1022 1620 XII.

401 1694 566 1754 Quem
602 1691 758 1741 virum
793 1701 877 1741 aut
914 1694 1064 1742 heroa
1099 1694 1200 1756 lyra
1234 1695 1311 1743 vel
1346 1694 1446 1743 acri

400 1775 520 1824 tibia
557 1774 708 1823 sumis
745 1775 1006 1834 celebrare,
1047 1774 1172 1834 Clio,

402 1872 549 1918 quem
586 1856 775 1904 deum?
820 1854 958 1904 cuius
993 1854 1178 1904 recinet
1212 1853 1381 1905 iocosa

537 1953 724 1986 nomen
759 1936 923 1999 imago

403 2049 488 2088 aut
524 2038 574 2086 in
610 2037 855 2086 umbrosis
894 2037 1154 2087 Heliconis
1190 2037 1286 2087 oris
1772 2054 1795 2100 5

404 2130 488 2168 aut
523 2135 669 2183 super
706 2119 864 2168 Pindo
899 2119 1126 2183 gelidove
1160 2119 1213 2168 in
1252 2120 1493 2169 Haemo?

404 2202 537 2250 unde
573 2202 796 2250 vocalem
832 2209 1017 2250 temere
1052 2200 1304 2250 insecutae

540 2283 743 2345 Orphea
778 2281 928 2331 silvae

405 2393 508 2433 arte
544 2392 764 2432 materna
798 2382 997 2445 rapidos
1033 2391 1310 2432 morantem

405 2464 663 2512 fluminum
699 2466 863 2527 lapsus
899 2463 1170 2527 celerisque
1204 2472 1394 2525 ventos,
1752 2485 1802 2515 10

407 2547 643 2595 blandum
679 2555 729 2593 et
763 2544 939 2594 auritas
975 2545 1157 2595 fidibus
1191 2545 1383 2596 canoris

541 2628 720 2675 ducere
755 2642 975 2689 quercus.

222 2791 287 2821 xl.
310 2779 427 2832 3-6,
488 2780 579 2819 The
607 2778 878 2831 punctuation
906 2779 940 2818 is
967 2779 1055 2819 that
1080 2779 1128 2818 of
1151 2778 1326 2830 Bentley
1343 2778 1426 2818 and
1450 2779 1614 2819 Munro.
1673 2781 1803 2833 Many

144 2851 297 2890 editors
316 2856 389 2902 put
409 2862 433 2888 a
451 2854 548 2888 note
568 2847 616 2887 of
629 2846 904 2887 exclamation
924 2853 967 2887 at
978 2847 1075 2899 pati
1091 2847 1173 2887 and
1193 2860 1218 2886 a
1239 2860 1403 2887 comma
1421 2853 1465 2888 at
1492 2848 1771 2900 Tyrrhenum.
