1930 3060
690 131 927 171 HORATI
967 131 1310 173 CARMINUM

435 254 533 301 late
568 261 814 315 tyrannus.
888 262 992 301 cras
1028 253 1155 303 foliis
1191 270 1364 303 nemus

436 334 601 382 multis
637 343 685 383 et
720 335 829 407 alga
864 334 978 382 litus
1013 332 1173 383 inutili

502 414 717 464 demissa
753 423 1022 477 tempestas
1056 417 1121 464 ab
1157 416 1292 465 Euro

568 504 765 553 sternet,
805 511 963 557 aquae
999 494 1091 545 nisi
1125 497 1247 545 fallit
1281 513 1434 561 augur

435 674 625 707 annosa
659 657 838 706 cornix.
901 658 1022 707 dum
1057 667 1214 721 poteS,
1251 659 1442 709 aridum

435 754 685 801 compone
720 738 938 802 lignum:
983 755 1089 788 cras
1125 739 1342 789 Genium
1378 757 1514 791 mero

505 819 698 869 curabis
732 829 783 869 et
816 836 970 883 porco
1006 820 1262 870 bimenstri
1413 885 1415 887 Ι

569 917 684 949 cum
718 901 914 950 famulis
950 917 1155 964 operum
1191 901 1376 953 solutis.

904 1196 1101 1244 XVIII.

439 1385 623 1443 Faune,
662 1385 1002 1475 Nympharum
1038 1383 1309 1448 fugientum
1346 1392 1546 1446 amator,

440 1481 527 1527 per
562 1481 700 1515 meos
734 1444 869 1516 fims
879 1476 929 1516 et
962 1465 1128 1529 aprica
1159 1482 1271 1515 rura

434 1546 560 1595 lenis
596 1546 797 1596 incedas
833 1549 1080 1610 abeasque
1116 1545 1278 1611 parvis

569 1644 757 1690 aequus
792 1629 1017 1689 alumnis,

436 1779 477 1827 si
513 1789 654 1828 tener
687 1781 837 1843 pleno
871 1779 1006 1829 cadit
1039 1779 1228 1829 haedus
1261 1794 1411 1839 anno,

436 1861 566 1924 larga
600 1877 695 1910 nec
728 1860 908 1909 desunt
941 1861 1149 1910 Veneris
1185 1860 1344 1911 sodali

436 1941 551 1990 vina
585 1950 813 2001 craterae,
851 1950 991 1990 vetus
1026 1958 1110 1991 ara
1142 1943 1300 1991 multo

570 2025 725 2072 fumat
760 2023 926 2072 odore.

436 2187 561 2235 ludit
598 2187 809 2236 herboso
844 2202 999 2250 pecus
1034 2201 1185 2235 omne
1219 2201 1413 2249 camp0,

434 2284 550 2315 cum
587 2267 676 2317 tibi
715 2270 894 2316 Nonae
929 2268 1139 2316 redeunt
1177 2268 1512 2330 Decembres;

438 2350 588 2397 festus
622 2348 673 2396 in
709 2349 860 2412 pratis
893 2356 1035 2398 vacat
1070 2348 1233 2397 otioso

569 2446 682 2478 cum
719 2431 846 2479 bove
880 2446 1034 2493 pagus
1051 2449 1064 2490 3

434 2596 560 2645 inter
593 2598 783 2647 audace
817 2598 988 2661 ,lupus
1022 2605 1145 2645 errat
1179 2610 1348 2660 agnos,

371 2696 375 2700 ·
436 2677 617 2741 spargit
652 2694 790 2742 agres
833 2695 855 2727 s
891 2677 979 2727 tibi
1015 2677 1136 2726 silva
1169 2677 1382 2735 frondes,

436 2761 617 2823 gaudet
651 2759 858 2809 invisam
895 2761 1141 2822 pepulisse
1176 2759 1333 2807 fossor

569 2851 641 2890 ter
675 2843 804 2903 pede
838 2851 1026 2890 terram.

1785 355 1833 383 10

1784 845 1830 888 15

1783 2285 1833 2317 10
