1930 3060
702 156 940 200 HORATI
979 158 1323 200 CARMINUM

941 365 1061 413 VII.

441 522 488 570 O
525 537 674 584 saepe
709 537 903 569 mecum
940 529 1136 582 tempus
1171 519 1223 567 in
1258 519 1484 569 ultimum

439 603 655 650 deducte
692 604 845 650 Bruto
882 600 1084 650 militiae
1120 604 1261 662 duce,

506 682 614 746 quis
650 693 698 731 te
732 683 989 732 redonavit
1026 683 1271 746 Quiritem

572 763 648 812 dis
683 762 850 825 patriis
889 765 1117 826 Italoque
1153 766 1307 825 caelo,

439 872 668 935 Pompei,
702 890 925 922 meorum
961 873 1116 936 prime
1152 874 1409 935 sodalium,

437 970 550 1002 cum
586 970 687 1017 quo
722 964 997 1003 morantem
1034 971 1184 1018 saepe
1220 955 1355 1005 diem
1390 972 1528 1006 mero

505 1035 621 1099 fregi
659 1047 923 1085 coronatus
959 1036 1160 1086 nitentis

571 1116 886 1164 malobathro
922 1115 1060 1178 Syrio
1097 1116 1340 1178 capillos?

438 1236 604 1275 tecum
642 1225 899 1289 Philippos
935 1235 984 1275 et
1020 1227 1230 1275 celerem
1267 1227 1431 1289 fugam

439 1307 584 1367 sensi,
621 1307 789 1356 relicta
823 1324 926 1356 non
962 1308 1091 1356 bene
1127 1308 1359 1370 parmula,

505 1405 617 1436 curn
655 1390 806 1437 fracta
842 1388 993 1437 virtus
1030 1398 1079 1437 et
1113 1388 1334 1437 minaces

574 1479 715 1532 turpe
752 1470 912 1518 solum
947 1469 1150 1532 tetigere
1186 1479 1370 1519 mento,

442 1571 530 1630 sed
567 1597 647 1629 me
682 1597 769 1644 per
803 1579 959 1629 hostis
997 1580 1271 1630 Mercurius
1306 1581 1435 1629 celer

439 1663 597 1711 denso
632 1670 893 1725 paventem
930 1661 1124 1710 sustulit
1158 1677 1298 1711 aere:

507 1751 557 1790 te
591 1758 751 1790 rursus
788 1741 838 1788 in
876 1742 1059 1790 bellum
1094 1743 1352 1790 resorbens

573 1823 708 1871 unda
741 1822 875 1871 fretis
910 1823 1022 1871 tulit
1055 1821 1307 1872 aestuosis.

438 1949 554 1997 ergo
589 1932 855 1996 obligatam
892 1932 1045 1981 redde
1083 1931 1191 1980 Iovi
1226 1932 1423 1995 dapem,

437 2017 683 2078 longaque
717 2015 899 2063 fessum
935 2012 1109 2061 militia
1143 2013 1269 2061 latus

506 2099 705 2160 depone
741 2097 833 2144 sub
869 2096 1006 2143 lauru
1042 2110 1155 2143 mea
1188 2109 1282 2142 nec

572 2193 718 2240 parce
753 2176 889 2224 cadis
925 2175 1015 2224 tibi
1050 2173 1318 2224 destinatis.

436 2287 680 2338 oblivioso
715 2283 840 2337 fevia
877 2285 1096 2336 Massico

436 2369 621 2419 ciboria
655 2371 812 2432 exple,
852 2370 1004 2417 funde
1037 2366 1303 2430 capacibus

504 2458 755 2512 unguenta
791 2449 855 2498 de
891 2446 1107 2497 conchis.
1180 2445 1292 2509 quis
1326 2446 1429 2495 udo

569 2532 895 2594 deproperare
930 2528 1045 2592 apio
1081 2544 1289 2577 coronas

435 2651 632 2691 curatve
668 2643 864 2704 myrto?
910 2656 1058 2703 quem
1095 2641 1267 2688 Venus
1301 2637 1536 2688 arbitrum

435 2724 566 2772 dicet
602 2720 846 2772 bibendi?
892 2737 994 2769 non
1030 2736 1123 2783 ego
1159 2719 1323 2768 sanius

502 2804 783 2853 bacchabor
818 2801 1037 2850 Edonis:
1083 2809 1285 2864 recepto

568 2886 714 2933 dulce
751 2883 871 2931 mihi
905 2884 1064 2931 furere
1099 2891 1172 2931 est
1206 2880 1380 2930 amico.

1794 1324 1845 1355 10

1795 1758 1841 1800 15

1787 2192 1840 2222 20

1785 2655 1836 2697 25
