1930 3060
675 131 789 170 LIB.
831 131 916 172 111.
959 122 1120 172 xxix.

327 256 604 320 stirpesque
639 267 806 320 raptas
841 267 891 307 et
927 274 1081 320 pecus
1117 267 1168 306 et
1203 259 1382 307 domos

325 338 569 390 volventis
603 355 718 400 una,
757 355 860 389 non
896 340 1004 389 sine
1039 339 1284 389 montium

394 421 611 470 clamore
645 419 936 484 vicinaeque
972 421 1136 483 silvae,

456 517 572 550 cum
607 502 710 551 sera
744 502 954 552 diluvies
990 503 1186 567 quietos

325 646 479 697 irritat
513 647 688 697 amnis.
759 648 842 698 ille
876 658 1056 713 potens
1091 649 1166 699 sui

325 731 582 793 laetusque
618 730 780 794 deget,
817 730 897 780 cui
932 730 1048 780 licet
1083 731 1134 780 in
1170 731 1306 781 diem

393 811 576 861 dixisse
613 816 626 839 ⁴
640 811 768 860 vixi:
815 828 923 862 cras
958 814 1038 862 vel
1072 822 1177 862 atra

458 896 594 943 nube
629 895 799 957 polum
836 903 980 957 pater
1013 904 1273 959 occupato,

323 1049 405 1097 vel
438 1049 544 1097 sole
578 1064 705 1111 puro
719 1066 734 1109 3
781 1064 886 1098 non
921 1057 1089 1098 tamen
1126 1049 1329 1110 irritum,

322 1129 677 1193 quodcumque
713 1139 841 1180 retro
877 1140 966 1190 est,
1005 1130 1184 1180 efficiet
1220 1148 1384 1196 neque

391 1211 614 1275 diffinget
648 1211 987 1275 infectumque
1022 1214 1212 1270 reddet,

458 1293 596 1355 quod
628 1291 823 1356 fugiens
858 1294 1013 1343 semel
1047 1294 1170 1343 hora
1203 1296 1366 1344 vexit.'

327 1437 559 1496 Fortuna,
596 1454 744 1487 saevo
779 1440 909 1487 laeta
943 1439 1144 1503 negotio
1180 1449 1231 1490 et

324 1517 499 1567 ludum
533 1518 829 1569 insolentem
866 1521 1038 1570 ludere
1074 1522 1313 1584 pertinax,

393 1608 688 1649 transmutat
722 1600 934 1651 incertos
969 1603 1199 1662 honoreS‚

458 1696 592 1731 nunc
628 1682 763 1741 mihi,
799 1699 932 1731 nunc
969 1683 1050 1732 alii
1085 1685 1314 1748 benigna.

324 1819 474 1868 laudo
510 1832 823 1871 manentem:
871 1822 911 1871 si
947 1825 1117 1873 celeris
1153 1826 1312 1888 quatit

323 1900 516 1965 pinnam,
553 1902 747 1966 resigno
781 1920 908 1967 quae
943 1905 1082 1955 dedit
1116 1915 1166 1955 et
1202 1923 1312 1957 mea

390 1982 567 2032 virtute
602 2000 683 2033 me
718 1984 919 2036 involvo
954 1989 1263 2052 probamque

459 2065 744 2128 pauperiem
780 2066 886 2117 sine
921 2069 1041 2118 dote
1076 2086 1276 2133 quaero,

324 2223 424 2257 non
460 2219 533 2258 est
567 2225 748 2270 meum,
787 2211 828 2260 si
864 2212 1052 2276 mugiat
1087 2215 1266 2264 Africis

323 2289 482 2338 malus
516 2291 759 2352 procellis,
796 2293 862 2342 ad
897 2294 1101 2345 miseras
1137 2313 1309 2360 preces

390 2369 648 2420 decurrere
682 2381 732 2421 et
767 2372 894 2422 votis
930 2374 1130 2438 pacisci,

457 2465 521 2500 ne
556 2451 768 2515 Cypriae
803 2453 1081 2521 Tyriaeque
1117 2475 1305 2509 merces

321 2595 511 2644 addant
545 2612 693 2645 avaro
728 2595 921 2648 divitias
958 2602 1107 2652 mari:

323 2684 440 2725 tunc
477 2693 556 2726 me
592 2677 789 2728 biremis
825 2680 1072 2743 praesidio
1109 2685 1323 2748 scaphae

390 2767 548 2806 tutum
587 2776 673 2822 per
709 2762 935 2824 Aegaeos
971 2765 1206 2813 tumultus

456 2855 573 2888 aura
609 2840 730 2892 seret
763 2841 1091 2909 geminusque
1129 2848 1319 2900 Pollux.

1668 135 1738 191 97

1683 525 1740 564 40

1680 1069 1732 1112 45

1680 1542 1734 1586 50

1681 2008 1730 2052 55
