1930 3060
197 122 263 175 34

712 119 951 159 HORATI
992 118 1334 159 CARMINUM

462 244 601 303 eheu,
638 242 922 291 cicatricum
957 249 1007 290 et
1041 241 1236 290 sceleris
1272 242 1430 302 pudet

461 325 775 386 fratrumque.
848 323 968 384 quid
1004 338 1097 370 nos
1132 322 1254 370 dura
1287 322 1553 385 refugimus

532 392 704 453 aetas?
751 402 871 467 quid
908 395 1146 451 intactum
1182 402 1358 452 nefasti
1811 419 1861 463 35

597 485 831 548 liquimus
846 486 869 532 Ρ
914 485 1048 533 unde
1065 499 1287 558 *manum
1322 482 1551 532 iuventus

465 641 601 681 metu
637 633 846 680 deorum
882 629 1165 679 continuit?
1211 627 1390 692 quibus

465 712 684 776 pepercit
720 712 848 760 aris?
896 729 927 760 o
961 710 1151 760 utinam
1188 727 1318 759 nova

535 794 715 844 incude
751 793 977 856 diffingas
1012 800 1267 841 retunsu'm
1302 791 1353 839 in

603 877 907 938 Massagetas
946 874 1232 936 Arabasque
1266 873 1459 922 ferrum.
1815 891 1870 932 40

910 1143 1152 1190 XXXVI.

407 1296 471 1345 Et
506 1305 612 1344 ture
648 1303 696 1344 et
730 1294 909 1343 fidibus
945 1294 1078 1342 iuvat

541 1379 735 1440 placare
770 1386 820 1425 et
854 1375 991 1424 vituli
1027 1374 1264 1438 sanguine
1300 1375 1472 1426 debito

407 1459 638 1507 custodes
675 1457 924 1506 Numidae
960 1458 1098 1516 deos,
1244 1444 1249 1447 i

543 1540 626 1602 qui
663 1555 796 1587 nunc
836 1539 1091 1602 Hesperia,¹
1114 1554 1286 1600 sospes
1321 1540 1384 1586 ab
1419 1538 1591 1587 ultima

409 1621 531 1670 caris
571 1622 727 1669 multa
762 1619 1027 1678 sodalibus,
1598 1622 1602 1627 '
1851 1637 1873 1680 5

543 1702 663 1749 nulli
698 1702 836 1764 plura
870 1704 1036 1750 tamen
1061 1699 1248 1750 >dividit
1283 1703 1452 1750 oscula

408 1801 556 1847 quam
594 1783 727 1832 dulci
764 1783 978 1841 Lamiae,
1018 1798 1211 1831 memor,

543 1874 683 1913 actae
720 1881 821 1914 non
856 1864 953 1913 alio
989 1880 1102 1927 rege
1137 1862 1355 1926 puertiae

410 1956 725 2009 mutataeque
762 1944 907 1994 simul
942 1954 1100 2008 togae.

544 2029 720 2078 Cressa
755 2044 817 2076 ne
853 2036 1018 2076 careat
1052 2027 1256 2090 pulchra
1290 2025 1395 2076 dies
1431 2036 1563 2086 nota,
1830 2045 1879 2076 10

409 2127 505 2159 neu
543 2118 800 2172 promptae
835 2109 1014 2158 modus
1049 2109 1319 2172 amphorae

543 2206 641 2239 neu
676 2206 866 2240 morem
903 2190 953 2238 in
989 2189 1175 2239 Salium
1212 2189 1275 2238 sit
1309 2190 1503 2253 requies
1538 2191 1738 2253 pedum,

411 2288 508 2321 neu
544 2271 685 2320 multi
721 2271 944 2321 Damalis
980 2270 1103 2321 meri

548 2355 751 2401 Bassum
787 2353 1017 2402 Threicia
1051 2353 1215 2423 vincat
1252 2352 1506 2436 amystide,

410 2450 507 2483 neu
543 2434 706 2483 desint
742 2435 899 2497 epulis
934 2450 1074 2483 rosae
1831 2451 1877 2495 15

545 2531 642 2563 neu
676 2516 820 2563 vivax
853 2515 1020 2579 apium
1057 2532 1154 2564 neu
1190 2516 1338 2564 breve
1374 2513 1543 2562 lilium.

411 2613 586 2645 omnes
622 2596 673 2644 in
710 2596 942 2645 Damalin
977 2596 1132 2659 putris

545 2679 800 2740 deponent
837 2679 1021 2737 oculos,
1060 2694 1152 2726 nec
1191 2677 1412 2725 Damalis
1449 2693 1580 2726 novo

411 2758 668 2809 divelletur
701 2760 938 2816 adultero,

546 2840 738 2889 lascivis
773 2841 966 2890 hederis
1001 2840 1318 2891 ambitiosior.
1375 2906 1377 2908 ι
1825 2860 1880 2889 20
