1930 3060
174 122 274 176 140
741 117 978 159 nomn-1
1019 116 1267 159 EPODON

372 242 543 292 Ionius
579 243 682 291 udo
717 258 830 290 cum
866 240 1141 304 remugiens
1177 240 1313 290 sinus

505 324 640 371 Noto
676 322 889 370 carinam
925 320 1119 384 ruperit.

368 403 536 466 opima
570 404 749 466 quodsi
786 403 968 465 praeda
1003 419 1152 451 curvo
1188 402 1329 454 litore

504 494 729 548 porrecta
764 499 957 546 mergos
991 482 1183 543 iuveris,

369 566 662 615 libidinosus
697 564 1030 613 immolabitur
1064 580 1211 626 caper

504 657 553 697 et
588 663 715 711 agna
747 645 1161 709 Tempestatibus.

959 937 1051 986 XI.

238 1115 380 1175 Petti,
418 1114 538 1163 nihil
573 1130 653 1162 me
689 1113 814 1162 sicut
849 1122 996 1162 antea
1029 1112 1164 1161 iuvat

371 1197 580 1246 scribere
613 1196 879 1245 versiculos
915 1211 1082 1243 amore
1118 1203 1404 1257 percussum
1439 1192 1585 1257 gravi,

236 1295 417 1337 amore,
454 1277 541 1340 qui
576 1294 655 1326 me
692 1286 883 1340 praeter
917 1276 1079 1326 omnis
1116 1275 1301 1339 expetit

369 1358 600 1407 mollibus
635 1358 687 1406 in
724 1357 888 1421 pueris
923 1367 1007 1406 aut
1042 1357 1092 1405 in
1128 1356 1304 1420 puellis
1341 1372 1489 1405 urere.

235 1442 316 1489 hic
350 1439 518 1490 tertius
557 1440 848 1498 December,
888 1456 948 1488 ex
982 1454 1083 1501 quo
1120 1436 1285 1486 destiti

371 1520 577 1570 Inachia
610 1522 781 1579 furere,
819 1518 951 1569 silvis
985 1519 1227 1568 honorem
1263 1517 1466 1566 decutit.

235 1605 333 1652 heu
368 1619 464 1662 me,
502 1618 589 1665 per
624 1603 796 1650 urbem
833 1600 970 1666 (nam
1007 1601 1162 1664 pudet
1198 1597 1322 1648 tanti
1358 1597 1496 1662 mali)

369 1684 535 1732 fabula
570 1692 755 1746 quanta
790 1681 886 1732 fui!
935 1680 1276 1732 conviviorum
1312 1687 1362 1729 et
1397 1678 1631 1742 paenitet,

235 1765 286 1814 in
320 1765 430 1827 quis
465 1775 713 1814 amantem
750 1765 955 1827 languor
989 1773 1038 1812 et
1074 1762 1323 1812 silentium

370 1848 526 1910 arguit
562 1856 610 1895 et
645 1848 794 1894 latere
830 1845 1014 1908 petitus
1048 1844 1152 1895 imo
1186 1843 1414 1907 spiritus!

240 1932 503 1976 ‘contrane
538 1928 730 1975 lucrum
766 1925 835 1973 nil
871 1926 1031 1974 valere
1066 1923 1333 1974 candidum

370 2008 600 2072 pauperis
635 2006 944 2070 ingenium?
991 2007 1230 2069 querebar
1264 2005 1528 2068 adplorans
1563 2004 1666 2065 tibi,

237 2090 383 2138 simul
417 2088 622 2138 calentis
659 2088 1018 2137 inverecundus
1054 2089 1178 2137 deus

372 2171 630 2220 fervidiore
664 2186 801 2219 mero
835 2185 1014 2218 arcana
1047 2179 1297 2233 promorat
1332 2170 1456 2217 loco.

240 2252 446 2315 ‘quodsi
482 2251 604 2300 meis
640 2252 882 2299 inaestuet
915 2249 1214 2313 praecordiis

372 2336 525 2383 libera
558 2333 684 2392 bilis,
721 2342 775 2381 ut
810 2333 934 2381 haec
969 2331 1158 2395 ingrata
1191 2330 1351 2380 ventis
1386 2329 1574 2380 dividat

238 2418 459 2466 fomenta
491 2416 667 2464 vulnus
703 2414 771 2463 nil
808 2415 993 2462 malurn
1029 2412 1255 2474 levantia,

372 2495 565 2545 desinet
598 2494 866 2559 imparibus
901 2504 1086 2544 certare
1120 2503 1396 2543 summotus
1431 2492 1620 2556 pudor.'

239 2578 322 2627 ubi
357 2578 481 2626 haec
515 2593 711 2627 severus
748 2587 795 2626 te
831 2565 994 2639 palam
1030 2575 1359 2634 laudaveram,

371 2658 533 2708 iussus
567 2658 701 2708 abire
736 2660 942 2708 domum
977 2659 1168 2706 ferebar
1200 2657 1389 2709 incerto
1423 2657 1554 2719 pede

239 2740 304 2788 ad
339 2755 438 2787 non
477 2739 660 2788 amicos
695 2740 793 2787 heu
826 2736 948 2786 mihi
981 2736 1136 2801 postis
1175 2746 1223 2786 et
1256 2737 1355 2786 heu
1567 2798 1570 2801 Ι

374 2820 544 2868 limina
580 2821 716 2881 dura,
753 2819 930 2882 quibus
965 2820 1162 2867 lumbos
1197 2827 1247 2867 et
1281 2815 1451 2880 infregi
1484 2817 1625 2866 latus.

1783 341 1838 372 20

1790 1863 1838 1893 10

1790 2266 1838 2310 15
1923 2273 1930 2287 ³

1786 2674 1839 2704 20
