1930 3060
0 2980 61 3060 k

732 92 1015 144 xiv—xvi.

190 246 225 280 o
259 227 474 280 dolitura
508 244 623 277 mea
657 229 870 276 multum
904 224 1083 276 virtute
1121 227 1346 275 Neaera!

323 327 441 360 nam
476 309 640 373 siquid
675 309 728 358 in
765 311 947 358 Flacco
983 307 1072 357 viri
1107 317 1195 367 est,

190 409 292 443 non
326 393 450 442 feret
484 390 706 441 assiduas
741 389 922 454 potiori
957 399 1008 439 te
1043 391 1160 440 dare
1197 399 1385 449 nocteS,

326 484 376 524 et
412 482 617 538 quaeret
651 472 804 522 iratus
839 489 1025 536 parem,

190 574 284 608 nec
319 558 474 607 semel
509 555 686 605 offensi
723 556 870 604 cedet
905 556 1186 604 constantia
1221 556 1421 614 formae,

331 638 373 688 si
407 647 569 688 certus
601 637 793 687 intrarit
829 638 984 687 dolor.

192 731 243 772 et
277 731 345 781 tu,
382 720 684 784 quicumque
720 735 773 769 es
808 719 997 768 felicior
1031 729 1181 782 atque
1217 734 1333 768 meo
1369 735 1505 768 nunc

326 805 570 868 superbus
605 801 796 852 incedis
832 803 978 861 malo,

192 887 259 938 sis
293 902 474 951 pecore
510 895 559 935 et
596 887 752 934 multa
788 885 926 933 dives
962 884 1136 932 tellure
1171 882 1341 933 licebit

326 968 517 1031 tibique
552 968 784 1016 Pactolus
820 967 955 1023 fluat,

194 1067 287 1102 nec
322 1061 372 1101 te
405 1050 719 1114 Pythagorae
754 1049 927 1097 fallant
962 1064 1145 1096 arcana
1179 1047 1337 1096 renati

327 1134 587 1195 formaque
621 1132 790 1180 vincas
827 1130 993 1189 Nirea,

195 1217 293 1266 heu
327 1215 440 1275 heu,
478 1214 739 1262 translatos
774 1211 873 1261 alio
909 1211 1152 1261 maerebis
1188 1228 1413 1262 amores:
1449 1253 1452 1256 .

330 1305 408 1345 ast
442 1311 537 1359 ego
570 1294 784 1344 vicissim
821 1293 986 1344 risero.

835 1548 974 1595 XVI.

136 1706 302 1754 Altera
337 1701 433 1749 iam
472 1698 641 1749 teritur
677 1697 819 1747 bellis
853 1696 1080 1755 civilibus
1115 1708 1267 1760 aetas,

267 1783 368 1833 suis
402 1791 454 1832 et
488 1782 595 1845 ipsa
630 1784 795 1831 Roma
829 1780 1015 1830 viribus
1050 1781 1157 1830 ruit.

134 1882 284 1931 quam
320 1879 482 1928 neque
518 1861 714 1912 finitimi
749 1863 1006 1911 valuerunt
1041 1863 1247 1926 perdere
1285 1864 1454 1926 Marsi,

268 1945 472 1996 minacis
507 1954 592 1994 aut
629 1946 837 1993 Etrusca
870 1945 1118 1994 Porsenae
1154 1931 1345 2008 inanuS,

132 2029 327 2079 aemula
360 2043 454 2078 nee
487 2026 639 2076 virtus
675 2027 879 2090 Capuae
916 2042 1010 2076 nec
1046 2028 1308 2091 Spartacus
1344 2045 1459 2080 acer

266 2108 506 2173 novisque
540 2109 687 2159 rebus
723 2108 936 2158 infidelis
973 2111 1226 2174 Allobrox,

132 2208 227 2243 nec
259 2193 360 2242 fera
394 2193 619 2241 caerulea
652 2192 848 2241 domuit
884 2192 1152 2256 Germania
1188 2195 1322 2256 pube

265 2274 650 2339 parentibusque
686 2273 1003 2324 abominatus
1040 2277 1334 2326 Hannibal:

132 2356 285 2422 impia
318 2357 583 2428 perdemus
618 2355 786 2407 devoti
823 2356 1074 2421 sanguinis
1111 2367 1260 2417 aetaS,

264 2438 475 2504 ferisque
510 2455 674 2489 rursus
711 2437 1038 2502 occupabitur
1074 2442 1250 2489 solum.

132 2522 368 2572 barbarus
403 2523 500 2572 heu
536 2522 725 2572 cineres
762 2521 954 2570 insistet
990 2520 1146 2571 vietor
1182 2534 1231 2572 et
1270 2525 1441 2574 urbem

266 2619 419 2667 eques
454 2613 663 2654 sonante
699 2603 978 2652 verberabit
1016 2606 1211 2668 ungula,

1637 105 1735 157 143

1691 983 1744 1013 20

1698 2462 1748 2491 10

147 2786 223 2816 xv.
263 2790 276 2818 ι
285 2788 320 2827 5.
382 2778 524 2830 offensi
550 2778 584 2818 is
615 2777 685 2818 the
719 2777 958 2831 suggestion
990 2777 1038 2821 of
1067 2778 1125 2818 N.
1162 2779 1325 2831 Gogau.
1387 2780 1478 2820 The
1515 2790 1610 2820 Mss.
1642 2780 1748 2820 have

66 2843 249 2897 offensae·
