1930 3060
152 138 222 203 76

669 147 907 190 HORATI
946 147 1288 190 CARMINUM

351 267 472 331 quid
509 267 548 316 si
583 268 742 330 prisca
776 267 901 317 redit
934 285 1104 329 venus,

484 348 812 411 diductosque
836 349 960 420 ,iugo
995 348 1126 411 cogit
1159 351 1354 397 aeneo?

350 427 390 477 si
424 429 550 476 flava
584 428 824 477 excutitur
859 429 1032 486 Chloe,

484 507 793 570 reiectaeque
828 516 963 570 patet
996 507 1143 556 ianua
1178 507 1400 571 Lydiae?

330 593 678 650 ·‘quamquam
713 587 871 637 sidere
905 586 1151 650 pulchrior

484 667 565 716 ille
601 677 686 725 est,
724 676 777 715 tu
812 667 965 715 levior
998 666 1180 716 cortice
1216 676 1265 715 et
1298 667 1526 730 improbo

351 747 630 796 iracundior
666 746 871 805 Hadria,

485 838 648 877 tecum
684 827 843 877 vivere
876 844 1052 888 amem,
1091 838 1256 877 tecum
1292 829 1469 878 obeam
1504 827 1694 878 libens.'

955 1059 1016 1107 X.

420 1211 705 1258 Extremum
740 1208 935 1258 Tanain
970 1209 1010 1258 si
1046 1209 1252 1269 bibereS,
1290 1210 1435 1273 Lyce,
1472 1203 1478 1206 ’

420 1306 567 1339 saevo
602 1299 757 1353 nupta
790 1290 907 1350 virO,
945 1306 1025 1339 me
1061 1299 1226 1340 tamen
1261 1306 1458 1353 asperas

423 1379 701 1432 porrectum
736 1379 851 1419 ante
885 1371 1014 1419 fores
1050 1370 1247 1420 obicere
1281 1369 1456 1420 incolis

553 1453 769 1515 plorares
804 1450 1146 1515 Aquilonibus.

422 1558 564 1608 audis
599 1576 698 1623 quo
734 1559 940 1624 strepitu
976 1560 1138 1620 ianua,
1175 1577 1277 1625 quo
1313 1577 1489 1611 nemus

422 1638 549 1688 inter
582 1640 784 1702 pulchra
819 1649 978 1689 satum
1016 1650 1145 1690 tecta
1179 1642 1418 1706 remugiat

421 1719 592 1781 ventis,
629 1728 677 1768 et
711 1720 899 1783 positas
933 1729 988 1769 ut
1020 1719 1199 1784 glaciet
1233 1721 1371 1771 nives

556 1816 681 1862 puro
715 1800 916 1850 numine
952 1801 1214 1865 Iuppiter?

422 1906 661 1970 ingratam
695 1909 878 1958 Veneri
913 1925 1044 1972 pone
1079 1909 1371 1973 superbiam,

423 2004 486 2036 ne
521 1998 743 2038 currente
778 1998 907 2038 retro
942 1991 1070 2038 funis
1106 1999 1185 2039 eat
1218 2000 1356 2039 rota:

424 2083 525 2116 non
560 2077 609 2117 te
645 2069 930 2132 Penelopen
965 2068 1214 2119 difficilem
1248 2069 1411 2133 procis

557 2150 838 2212 Tyrrhenus
872 2149 1040 2214 genuit
1074 2165 1263 2212 parens,

423 2273 454 2304 o
490 2257 712 2319 quamvis
746 2274 910 2321 neque
945 2268 994 2307 te
1030 2274 1232 2307 munera
1267 2273 1359 2307 nec
1393 2273 1562 2320 preces

424 2351 518 2385 nec
553 2337 736 2387 tinctus
770 2339 900 2388 viola
934 2339 1091 2402 pallor
1124 2337 1397 2387 amantium

426 2431 518 2464 nec
552 2416 624 2465 vir
661 2417 818 2467 Pieria
852 2419 1041 2480 paelice
1076 2417 1271 2467 saucius

558 2507 739 2557 curvat,
778 2497 1080 2560 supplicibus
1116 2499 1212 2547 tuis

426 2620 611 2667 parcas,
650 2620 742 2653 nec
777 2605 934 2668 rigida
967 2605 1161 2655 mollior
1194 2608 1393 2656 aesculo

427 2699 519 2731 nec
556 2681 744 2731 Mauris
779 2683 997 2732 animum
1031 2684 1197 2734 mitior
1229 2686 1483 2749 anguibus.

426 2757 529 2811 non
565 2763 661 2811 hoc
696 2779 888 2826 semper
922 2764 1010 2813 erit
1045 2764 1225 2814 liminis
1259 2775 1344 2814 aut
1377 2780 1536 2827 aquae

560 2841 783 2890 caelestis
819 2842 1012 2904 patiens
1046 2845 1188 2893 latuS.

1762 529 1818 559 20

1772 2008 1821 2038 10

1768 2864 1822 2894 20
