1930 3060
58 2868 63 2876 -
83 2838 168 2883 βω-

577 100 690 141 LIB.
733 100 769 142 Ι.
808 89 1268 140 xxxv—xxxvii.

788 307 1064 355 XXXVII.

351 434 504 482 Nunc
538 439 612 480 est
649 430 939 490 bibendum,
978 446 1113 478 nunc
1148 429 1279 492 pede
1315 427 1472 477 libero

349 514 595 579 pulsanda
629 513 776 562 tellus
791 531 805 574 3
855 529 991 561 nune
1028 510 1297 562 Saliaribus

418 611 594 644 ornare
629 593 857 667 pulvinar
893 594 1102 643 deorum

485 687 684 748 tempus
718 685 821 737 erat
855 676 1086 739 dapibus,
1123 674 1334 725 sodales.

350 781 563 830 antehac
598 781 738 828 nefas
772 779 1066 842 depromere
1102 778 1394 828 Caecubum

351 862 496 927 cellis.
524 861 682 921 avitis,
721 862 843 910 dum
882 859 1134 924 Capitolio

419 943 589 1007 regina
623 941 872 993 dementis
906 943 1073 990 ruinas

486 1027 631 1074 funus
667 1034 717 1074 et
752 1023 961 1090 imperio
996 1023 1203 1087 parabat

350 1130 692 1179 contaminato
727 1146 843 1177 cum
878 1144 1025 1192 grege
1063 1126 1276 1190 turpium

351 1212 528 1262 morbo
563 1211 795 1269 virorum,
833 1210 1078 1274 quidlibet
1113 1209 1365 1272 impotens
1446 1211 1450 1214 ’

418 1310 616 1358 sperare
651 1295 947 1356 fortunaque
983 1291 1118 1341 dulci

487 1375 635 1426 ebria.
708 1377 798 1425 sed
835 1374 1014 1423 minuit
1048 1375 1262 1423 furorem

352 1478 433 1527 vix
469 1495 570 1527 una
604 1494 775 1542 sospes
811 1477 949 1526 navis
987 1480 1051 1527 ab
1086 1477 1297 1542 ignibus,

353 1570 675 1624 mentemque
710 1561 1016 1624 lymphatam
1055 1559 1335 1609 Mareotico

419 1643 608 1707 redegit
645 1644 694 1692 in
730 1659 872 1692 veros
909 1642 1110 1691 timores

488 1728 687 1785 Caesar,
724 1727 789 1774 ab
827 1724 972 1773 Italia
1006 1725 1259 1773 volantem

351 1828 499 1879 remis
533 1830 794 1892 adurgens,
832 1827 1069 1891 accipiter
1104 1829 1238 1877 velut

353 1910 518 1961 mollis
552 1912 814 1960 columbas
850 1920 934 1959 aut
970 1912 1193 1974 leporem
1230 1910 1356 1960 citus

419 2003 628 2043 venator
659 1992 711 2042 in
747 1992 936 2056 campis
971 1992 1144 2041 nivalis

490 2076 820 2134 Haemoniae,
859 2075 999 2124 daret
1034 2084 1089 2125 ut
1125 2075 1314 2125 eatenis

354 2181 500 2230 fatale
534 2188 826 2229 monstrum.
901 2195 1030 2242 quae
1065 2179 1352 2244 generosius

354 2261 513 2326 perire
548 2277 792 2325 quaerens
829 2277 923 2310 nec
959 2262 1262 2312 muliebriter

421 2342 619 2408 expavit
653 2358 824 2392 ensem
861 2359 956 2392 nec
991 2343 1187 2394 latentis

488 2426 645 2473 classe
681 2423 779 2473 cita
814 2425 1055 2487 reparavit
1091 2442 1232 2487 oras;

1503 2949 1630 2997 3--2

1693 99 1756 154 35

1709 1227 1769 1256 ·10

1722 1659 1768 1701 Ι5

1717 2095 1770 2125 20

166 2572 350 2605 xxxvn.
382 2577 449 2614 ²4·
506 2563 673 2604 Almost
707 2564 762 2604 all
800 2574 895 2604 MSS.
928 2565 1033 2605 have
1062 2566 1286 2618 reparavit.
1348 2565 1442 2606 One
1474 2563 1544 2618 (R,
1578 2579 1602 2605 a
1633 2570 1770 2618 pretty

84 2631 197 2686 ped
213 2632 313 2681 one)
330 2632 366 2672 is
385 2631 476 2672 said
496 2638 540 2672 to
565 2632 671 2672 have
697 2634 893 2685 repetivit,
921 2634 992 2674 but
1019 2637 1177 2674 several
1205 2636 1303 2675 edd.
1326 2635 1422 2675 who
1448 2635 1550 2675 used
1579 2635 1663 2674 this
1692 2644 1764 2675 ms.

89 2698 146 2741 do
169 2706 243 2741 not
270 2700 408 2742 notice
437 2700 518 2740 this
548 2701 732 2754 reading.
791 2702 922 2755 Many
942 2703 1230 2743 emendations
1259 2703 1365 2743 have
1395 2704 1501 2743 been
1532 2705 1768 2757 proposed:

87 2777 170 2822 σς.
188 2770 439 2822 penetravit,
472 2771 680 2819 remeavit,
709 2772 964 2824 properavit,
999 2773 1222 2825 repedavit,
1248 2774 1479 2826 peraravit,
1514 2774 1574 2812 ire
1595 2773 1773 2825 paravit
