1930 3060
783 114 896 154 Lm.
935 114 971 153 1.
1010 102 1151 155 i-.-ii.

932 357 1003 404 ΙΙ.

398 505 506 553 Iam
545 502 661 552 satis
697 501 835 553 terris
871 501 998 550 nivis
1033 510 1183 564 atque
1221 500 1356 549 dirae

394 585 647 648 grandinis
682 583 815 633 misit
849 593 992 646 pater
1026 591 1075 631 et
1109 584 1320 631 rubente

397 667 599 716 dextera
633 669 794 715 saetas
830 666 1067 718 iaculatus
1103 679 1240 712 arces

530 748 699 796 terruit
734 748 923 806 urbem,

396 848 565 899 terruit
598 847 770 913 gentis,
808 864 953 911 grave
988 863 1052 895 ne
1087 845 1268 896 rediret

397 931 649 979 saeculum
688 930 900 993 Pyrrhae
936 944 1066 977 nova
1101 936 1324 976 monstra
1359 936 1575 990 questae‚

398 1028 549 1077 omne
584 1028 698 1060 cum
737 1013 943 1060 Proteus
980 1026 1131 1074 pecus
1169 1009 1268 1073 egit
1303 1011 1430 1058 altos

531 1093 685 1142 visere
720 1092 918 1150 montis,

397 1195 607 1260 piscium
643 1205 692 1244 et
728 1212 921 1244 summa
955 1211 1110 1258 genus
1145 1192 1303 1242 haesit
1337 1191 1512 1252 ulmos

395 1285 517 1326 nota
550 1292 679 1339 quae
715 1278 858 1326 sedes
892 1277 1047 1325 fuerat
1082 1273 1339 1333 columbis,

397 1368 448 1408 et
482 1357 758 1422 superiecto
794 1357 1003 1422 pavidae
1039 1365 1266 1405 natarunt

530 1456 745 1504 aequore
779 1442 1021 1489 dammae.

398 1542 612 1592 vidimus
648 1544 826 1592 flavum
862 1543 1082 1593 Tiberim
1120 1543 1315 1591 retortis

398 1625 540 1674 litore
578 1628 787 1674 Etrusco
822 1626 1061 1675 violenter
1097 1624 1243 1672 undis

399 1706 466 1756 ire
501 1707 747 1756 deiectum
785 1715 1108 1756 monumenta
1142 1704 1269 1769 regis

481 1797 490 1803 “
536 1791 820 1852 templaque
855 1791 1053 1845 Vestae,

399 1890 521 1940 Iliae
555 1891 676 1940 dum
712 1907 766 1940 se
800 1890 1006 1939 nimium
1043 1890 1269 1953 querenti

396 1971 548 2022 iactat
582 1973 806 2032 ultorem,
845 1989 996 2036 vagus
1033 1981 1083 2022 et
1118 1972 1313 2021 sinistra

397 2053 579 2104 labitur
611 2054 717 2118 ripa
754 2056 875 2103 Iove
910 2070 1014 2104 non
1049 2056 1291 2118 probante
1328 2071 1382 2103 u·

508 2135 693 2187 xorius
728 2136 899 2185 amnis.

397 2236 564 2287 audiet
599 2237 719 2287 civis
755 2237 948 2288 acuisse
982 2240 1179 2298 ferrum,

397 2335 500 2383 quo
532 2336 704 2383 graves
741 2322 920 2369 Persae
956 2320 1132 2369 melius
1168 2320 1395 2384 perirent,

390 2400 557 2451 audiet
592 2418 783 2465 pugnas
818 2401 937 2451 vitio
972 2411 1231 2465 parentum

531 2498 639 2531 rara
672 2481 917 2533 iuventus.

398 2601 547 2649 quem
584 2595 729 2634 vocet
764 2585 934 2634 divum
970 2588 1181 2651 populus
1217 2587 1404 2637 ruentis

399 2666 571 2730 imperi
610 2669 792 2716 rebus?
838 2683 985 2731 prece
1021 2685 1122 2732 qua
1156 2669 1363 2732 fatigent

397 2748 608 2812 virgines
644 2758 843 2798 sanetae
878 2748 1043 2799 minus
1078 2750 1363 2801 audientem

534 2829 754 2878 carmina
787 2831 1031 2880 Vestam?

1754 1293 1803 1323 10

1754 1723 1801 1765 15

1752 2158 1805 2188 20

1751 2607 1803 2649 25
