1930 3060
184 106 246 156 18
695 115 932 155 HORATI
971 115 1315 156 CARMINUM

313 250 415 283 non
452 232 784 297 Dindymene,
823 251 922 283 non
960 234 1118 298 adytis
1154 234 1309 298 quatit

312 324 530 363 mentem
568 317 880 364 sacerdotum
916 314 1080 365 incola
1114 316 1332 379 Pythius,

378 410 481 443 non
520 395 665 443 Liber
698 411 868 457 aeque,
906 411 1007 444 non
1043 405 1188 444 acuta

447 473 488 523 si
521 474 774 537 geminant
807 475 1116 538 Corybantes
1152 492 1279 535 aera,

313 643 472 691 tristes
508 651 561 691 ut
596 643 710 701 irae,
747 658 868 704 quas
904 657 1067 705 neque
1103 643 1314 690 Noricus

313 723 524 771 deterret
559 722 688 771 ensis
725 738 815 770 nec
851 738 983 771 mare
1017 724 1304 786 naufragum

382 817 474 850 nec
510 817 682 850 saevus
718 801 842 863 ignis
877 818 972 850 nec
1008 803 1264 851 tremendo

451 882 674 946 Iuppiter
708 883 812 944 ipse
848 898 994 931 ruens
1030 883 1255 931 tumultu.

315 1054 464 1103 fertur
501 1053 822 1102 Prometheus
857 1053 1038 1102 addere
1074 1052 1281 1116 principi

315 1133 435 1182 limo
470 1142 670 1182 coactus
706 1133 995 1195 particulam
1031 1133 1252 1196 undique

383 1211 633 1260 desectam
668 1218 718 1260 et
753 1209 911 1258 insani
946 1211 1105 1267 leonis

449 1290 548 1340 vim
584 1291 842 1339 stomacho
876 1291 1166 1354 apposuisse
1199 1300 1382 1342 nostre.

316 1463 415 1513 irae
450 1464 700 1526 Thyesten
736 1462 883 1512 exitio
917 1463 1050 1526 gravi

317 1555 528 1595 stravere
564 1553 612 1593 et
647 1543 756 1592 altis
791 1543 992 1593 urbibus
1028 1543 1228 1595 ultimae

385 1634 563 1675 stetere
598 1641 788 1686 causae,
826 1641 914 1673 cur
946 1625 1161 1688 perirent

450 1707 671 1755 funditus
706 1706 1104 1770 imprimeretque
1139 1706 1289 1758 muris

318 1878 496 1928 hostile
532 1886 743 1927 aratrum
780 1876 1018 1927 exercitus
1054 1879 1283 1928 insolens.

314 1974 579 2022 compesce
614 1962 864 2007 mentem!
910 1974 990 2008 me
1026 1974 1226 2022 quoque
1263 1959 1475 2022 pectoris

385 2039 640 2101 temptavit
675 2040 726 2086 in
760 2038 894 2088 dulci
927 2037 1127 2088 iuventa

451 2121 611 2168 fervor
646 2128 694 2168 et
729 2120 781 2167 in
816 2119 988 2169 celeris
1022 2121 1214 2170 iambos

319 2290 451 2341 misit
484 2292 753 2342 furentem:
802 2307 933 2340 nunc
969 2306 1061 2355 ego
1097 2290 1296 2341 mitibus

320 2381 509 2420 mutare
543 2387 728 2434 quaero
764 2369 928 2427 tristia,
966 2371 1084 2419 dum
1120 2370 1240 2419 mihi

386 2455 473 2501 fias
508 2452 766 2505 recantatis
802 2453 962 2501 amica

452 2532 729 2595 opprobriis
764 2531 1083 2595 animumque
1117 2532 1310 2582 reddas.

1794 741 1845 771 10

1797 1228 1845 1272 15

1794 1729 1848 1759 20

1796 2311 1846 2355 25

266 2758 360 2788 xvl.
386 2748 425 2787 8.
484 2749 575 2789 The
596 2759 692 2789 MSS.
714 2748 815 2789 with
844 2761 924 2789 one
951 2749 1142 2790 doubtful
1168 2749 1384 2804 exception
1410 2726 1516 2790 haye
1540 2750 1596 2790 sic
1617 2750 1843 2803 geminant.

188 2816 397 2870 Bentley's
416 2818 588 2871 reading
607 2819 646 2858 si
661 2818 737 2858 has
757 2818 862 2858 been
881 2818 1037 2871 largely
1057 2819 1241 2872 adopted
1259 2819 1314 2872 by
1334 2820 1501 2859 editors.
