1930 3060
547 134 661 175 LIB.
700 132 787 173 ΙΙΙ.
826 121 1224 172 xxvii—xxix.
1678 129 1745 184 95

696 251 698 253 ’
780 283 1031 333 XXVIII.

280 397 431 445 Festo
466 394 586 458 quid
621 391 788 457 potius
824 391 908 441 die

413 474 639 539 Neptuni
671 474 888 524 faciam?
934 489 1108 537 prome
1143 470 1476 533 reconditum,

281 559 436 622 Lyde,
473 565 671 606 strenua
707 556 1015 617 Caecubum,

413 635 737 701 munitaeque
769 636 956 686 adhibe
989 637 1089 686 vim
1125 634 1413 699 sapientiae.

279 717 518 770 inclinare
552 718 811 768 meridiem
901 709 904 711 ’
1732 731 1755 775 5

414 799 567 851 sentis
599 816 676 860 ac,
711 799 863 849 veluti
899 808 995 849 stet
1029 797 1242 848 volucris
1276 798 1399 858 dies,

282 882 442 947 parcis
477 881 703 945 deripere
738 881 915 931 horreo

413 972 691 1015 cessantem
729 961 895 1012 Bibuli
929 961 1149 1011 consulis
1184 962 1514 1026 amphoram?

283 1061 376 1096 nos
407 1044 721 1095 cantabimus
755 1043 969 1094 invicem

419 1129 713 1190 Neptunum
748 1136 799 1177 et
831 1126 1000 1176 viridis
1037 1124 1312 1176 Nereidum
1347 1141 1518 1175 comas
1533 1143 1548 1187 3
1708 1144 1757 1173 10

284 1220 338 1260 tu
372 1225 522 1259 curva
554 1209 746 1259 recines
779 1210 884 1272 lyra
1433 1266 1436 1268 q

420 1293 663 1340 Latonam
701 1299 751 1340 et
785 1291 956 1341 celeris
992 1289 1181 1354 spicula
1215 1288 1492 1354 Cynthiae:

285 1388 483 1422 summo
517 1372 750 1433 carmine,
789 1388 918 1436 quae
954 1371 1157 1423 Cnidon
1594 1436 1598 1440 ,

419 1453 754 1518 fulgentisque
790 1462 926 1504 tenet
960 1454 1208 1517 Cycladas
1244 1462 1293 1503 et
1328 1454 1555 1518 Paphum

289 1536 470 1587 iunctis
502 1535 616 1585 visit
650 1536 872 1586 oloribus
1709 1555 1758 1597 15

422 1616 623 1676 dicetur,
646 1616 821 1667 merita
856 1618 973 1667 Nox
1007 1633 1207 1682 quoque
1242 1617 1402 1667 nenia.

825 1815 1015 1863 XXIX.

356 1935 612 2000 Tyrrhena
644 1952 813 2001 regum
847 1936 1125 2001 progenieS,
1160 1935 1251 1988 tibi

358 2033 459 2067 non
494 2026 611 2068 ante
644 2033 788 2068 verso
822 2019 935 2068 lene
970 2034 1159 2068 merum
1194 2020 1322 2069 cado

424 2113 539 2148 cum
574 2098 707 2158 flore,
747 2101 1031 2162 Maecenas„
1067 2116 1287 2150 rosarum
1324 2109 1373 2150 et

492 2195 663 2244 pressa
696 2180 794 2230 tuis
827 2181 1037 2231 balanus
1071 2181 1262 2246 capillis

358 2278 648 2331 iamdudum
685 2282 821 2347 apud
855 2299 937 2332 me
972 2292 1047 2332 est
1062 2299 1078 2343 ;
1127 2283 1262 2347 eripe
1298 2293 1348 2335 te
1383 2300 1564 2345 morae,
1739 2303 1761 2346 5

361 2375 425 2409 ne
458 2377 652 2426 semper
687 2364 841 2413 udum
875 2363 1033 2414 Tibur
1066 2373 1117 2414 et
1150 2366 1359 2415 Aefulae

429 2442 618 2493 declive
651 2443 1004 2507 contempleris
1038 2461 1205 2494 arvum
1242 2457 1293 2495 et

494 2523 734 2587 Telegoni
771 2524 884 2588 iuga
918 2525 1200 2588 parricidae.

180 2665 348 2698 xxvii!-
375 2668 435 2711 14.
491 2659 655 2702 Almost
673 2662 729 2702 ⁸11
750 2671 846 2704 uss.
867 2663 971 2705 have
996 2665 1159 2707 Cnidon
1178 2666 1222 2707 in
1247 2680 1294 2721 13
1313 2669 1395 2709 and
1415 2670 1610 2725 Paphum
1630 2670 1673 2712 in
1700 2685 1760 2724 ¹4·

99 2720 192 2764 ‘nn
210 2724 408 2765 nri-tion
428 2737 561 2766 seem
580 2735 624 2767 to
644 2727 696 2768 be
716 2728 975 2777 intentional.
997 2739 1041 2772 to
1059 2733 1183 2775 avoid
1202 2735 1360 2778 similar
1377 2738 1566 2792 endings.

179 2795 313 2829 xxix.
330 2787 373 2832 6.
427 2803 478 2830 ne
495 2790 569 2832 has
588 2792 711 2834 much
738 2793 872 2835 better
895 2795 1105 2851 authority
1124 2798 1224 2841 than
1252 2815 1332 2852 nec,
1358 2803 1495 2845 which
1522 2818 1638 2846 some
1664 2805 1759 2847 edd.

99 2854 248 2910 με..
