<?xml version="1.0" encoding="UTF-8"?>
<!DOCTYPE html PUBLIC "-//W3C//DTD XHTML 1.0 Transitional//EN"
    "http://www.w3.org/TR/xhtml1/DTD/xhtml1-transitional.dtd">
<html xmlns="http://www.w3.org/1999/xhtml" xml:lang="en" lang="en">
 <head>
  <title>
</title>
<meta http-equiv="Content-Type" content="text/html;charset=utf-8" />
  <meta name='ocr-system' content='tesseract 3.04.00' />
  <meta name='ocr-capabilities' content='ocr_page ocr_carea ocr_par ocr_line ocrx_word'/>
</head>
<body>
  <div class='ocr_page' id='page_1' title='image "./carminaliberepod00horauoft_0171.png"; bbox 0 0 1930 3060; ppageno 0'>
   <div class='ocr_carea' id='block_1_1' title="bbox 634 868 1169 948">
    <p class='ocr_par' dir='ltr' id='par_1_1' title="bbox 634 868 1169 948">
     <span class='ocr_line' id='line_1_1' title="bbox 634 868 1169 948; baseline -0.006 0"><span class='ocrx_word' id='word_1_1' title='bbox 634 868 1169 948; x_wconf 89' lang='lat' dir='ltr'><strong>EPODON</strong></span> 
     </span>
    </p>
   </div>
   <div class='ocr_carea' id='block_1_2' title="bbox 772 1066 1030 1120">
    <p class='ocr_par' dir='ltr' id='par_1_2' title="bbox 772 1066 1030 1120">
     <span class='ocr_line' id='line_1_2' title="bbox 772 1066 1030 1120; baseline 0 0"><span class='ocrx_word' id='word_1_2' title='bbox 772 1066 1030 1120; x_wconf 88' lang='lat' dir='ltr'><strong>LIBER.</strong></span> 
     </span>
    </p>
   </div>
   <div class='ocr_carea' id='block_1_3' title="bbox 763 1237 1049 1249">
    <p class='ocr_par' dir='ltr' id='par_1_3' title="bbox 763 1237 1049 1249">
     <span class='ocr_line' id='line_1_3' title="bbox 763 1237 1049 1249; baseline 0 1811"><span class='ocrx_word' id='word_1_3' title='bbox 763 1237 1049 1249; x_wconf 95' lang='lat' dir='ltr'> </span> 
     </span>
    </p>
   </div>
   <div class='ocr_carea' id='block_1_4' title="bbox 884 1350 923 1398">
    <p class='ocr_par' dir='ltr' id='par_1_4' title="bbox 884 1350 923 1398">
     <span class='ocr_line' id='line_1_4' title="bbox 884 1350 923 1398; baseline 0.026 -1"><span class='ocrx_word' id='word_1_4' title='bbox 884 1350 923 1398; x_wconf 89' lang='lat'>1.</span> 
     </span>
    </p>
   </div>
   <div class='ocr_carea' id='block_1_5' title="bbox 338 1469 1748 2593">
    <p class='ocr_par' dir='ltr' id='par_1_5' title="bbox 338 1469 1748 2593">
     <span class='ocr_line' id='line_1_5' title="bbox 341 1469 1260 1526; baseline -0.005 -5"><span class='ocrx_word' id='word_1_5' title='bbox 341 1470 447 1522; x_wconf 89' lang='lat' dir='ltr'>Ibis</span> <span class='ocrx_word' id='word_1_6' title='bbox 484 1470 713 1520; x_wconf 85' lang='lat' dir='ltr'>Liburnis</span> <span class='ocrx_word' id='word_1_7' title='bbox 749 1472 876 1520; x_wconf 90' lang='lat' dir='ltr'>inter</span> <span class='ocrx_word' id='word_1_8' title='bbox 910 1472 1010 1520; x_wconf 86' lang='lat' dir='ltr'>alta</span> <span class='ocrx_word' id='word_1_9' title='bbox 1045 1469 1260 1526; x_wconf 88' lang='lat' dir='ltr'>navium,</span> 
     </span>
     <span class='ocr_line' id='line_1_6' title="bbox 475 1551 1072 1616; baseline -0.002 -16"><span class='ocrx_word' id='word_1_10' title='bbox 475 1551 650 1612; x_wconf 84' lang='lat' dir='ltr'>amice,</span> <span class='ocrx_word' id='word_1_11' title='bbox 686 1553 1072 1616; x_wconf 87' lang='lat' dir='ltr'>propugnacula,</span> 
     </span>
     <span class='ocr_line' id='line_1_7' title="bbox 341 1631 1296 1699; baseline -0.004 -16"><span class='ocrx_word' id='word_1_12' title='bbox 341 1644 540 1699; x_wconf 88' lang='lat' dir='ltr'>paratus</span> <span class='ocrx_word' id='word_1_13' title='bbox 575 1649 725 1683; x_wconf 89' lang='lat' dir='ltr'>omne</span> <span class='ocrx_word' id='word_1_14' title='bbox 761 1633 987 1685; x_wconf 85' lang='lat' dir='ltr'>Caesaris</span> <span class='ocrx_word' id='word_1_15' title='bbox 1022 1631 1296 1697; x_wconf 88' lang='lat' dir='ltr'>periculum</span> 
     </span>
     <span class='ocr_line' id='line_1_8' title="bbox 476 1715 1114 1774; baseline -0.003 -9"><span class='ocrx_word' id='word_1_16' title='bbox 476 1715 654 1774; x_wconf 88' lang='lat' dir='ltr'>subire,</span> <span class='ocrx_word' id='word_1_17' title='bbox 693 1717 976 1772; x_wconf 78' lang='lat' dir='ltr'>MaecenaS,</span> <span class='ocrx_word' id='word_1_18' title='bbox 1013 1722 1114 1764; x_wconf 91' lang='lat' dir='ltr'>tuo.</span> 
     </span>
     <span class='ocr_line' id='line_1_9' title="bbox 341 1792 1746 1860; baseline -0.004 -14"><span class='ocrx_word' id='word_1_19' title='bbox 341 1795 464 1860; x_wconf 87' lang='lat' dir='ltr'>quid</span> <span class='ocrx_word' id='word_1_20' title='bbox 497 1811 604 1856; x_wconf 89' lang='lat' dir='ltr'>nos,</span> <span class='ocrx_word' id='word_1_21' title='bbox 641 1795 821 1859; x_wconf 89' lang='lat' dir='ltr'>quibus</span> <span class='ocrx_word' id='word_1_22' title='bbox 858 1806 907 1846; x_wconf 92' lang='lat' dir='ltr'>te</span> <span class='ocrx_word' id='word_1_23' title='bbox 941 1796 1043 1845; x_wconf 87' lang='lat' dir='ltr'>vita</span> <span class='ocrx_word' id='word_1_24' title='bbox 1077 1794 1118 1843; x_wconf 93' lang='lat' dir='ltr'>si</span> <span class='ocrx_word' id='word_1_25' title='bbox 1153 1792 1414 1858; x_wconf 84' lang='lat' dir='ltr'>superstite</span> <span class='ocrx_word' id='word_1_26' title='bbox 1722 1808 1746 1854; x_wconf 82' lang='lat'>5</span> 
     </span>
     <span class='ocr_line' id='line_1_10' title="bbox 475 1874 1242 1940; baseline 0 -16"><span class='ocrx_word' id='word_1_27' title='bbox 475 1875 704 1935; x_wconf 88' lang='lat' dir='ltr'>iucunda,</span> <span class='ocrx_word' id='word_1_28' title='bbox 743 1877 782 1925; x_wconf 93' lang='lat' dir='ltr'>si</span> <span class='ocrx_word' id='word_1_29' title='bbox 819 1886 1005 1936; x_wconf 90' lang='lat' dir='ltr'>contra,</span> <span class='ocrx_word' id='word_1_30' title='bbox 1042 1874 1204 1940; x_wconf 87' lang='lat' dir='ltr'>gravis</span> <span class='ocrx_word' id='word_1_31' title='bbox 1219 1877 1242 1924; x_wconf 84' lang='lat'>?</span> 
     </span>
     <span class='ocr_line' id='line_1_11' title="bbox 340 1956 1312 2022; baseline -0.003 -15"><span class='ocrx_word' id='word_1_32' title='bbox 340 1966 569 2007; x_wconf 84' lang='lat' dir='ltr'>utrumne</span> <span class='ocrx_word' id='word_1_33' title='bbox 602 1956 721 2006; x_wconf 87' lang='lat' dir='ltr'>iussi</span> <span class='ocrx_word' id='word_1_34' title='bbox 755 1973 1108 2022; x_wconf 87' lang='lat' dir='ltr'>persequemur</span> <span class='ocrx_word' id='word_1_35' title='bbox 1142 1956 1312 2016; x_wconf 86' lang='lat' dir='ltr'>otium,</span> 
     </span>
     <span class='ocr_line' id='line_1_12' title="bbox 475 2036 1261 2099; baseline 0 -13"><span class='ocrx_word' id='word_1_36' title='bbox 475 2053 578 2087; x_wconf 89' lang='lat' dir='ltr'>non</span> <span class='ocrx_word' id='word_1_37' title='bbox 613 2038 774 2099; x_wconf 88' lang='lat' dir='ltr'>dulce,</span> <span class='ocrx_word' id='word_1_38' title='bbox 811 2038 863 2087; x_wconf 91' lang='lat' dir='ltr'>ni</span> <span class='ocrx_word' id='word_1_39' title='bbox 898 2049 1063 2088; x_wconf 90' lang='lat' dir='ltr'>tecum</span> <span class='ocrx_word' id='word_1_40' title='bbox 1099 2036 1261 2098; x_wconf 87' lang='lat' dir='ltr'>simul,</span> 
     </span>
     <span class='ocr_line' id='line_1_13' title="bbox 338 2119 1428 2181; baseline -0.001 -11"><span class='ocrx_word' id='word_1_41' title='bbox 338 2134 404 2170; x_wconf 82' lang='lat' dir='ltr'>an</span> <span class='ocrx_word' id='word_1_42' title='bbox 438 2120 572 2168; x_wconf 90' lang='lat' dir='ltr'>hunc</span> <span class='ocrx_word' id='word_1_43' title='bbox 607 2121 842 2181; x_wconf 89' lang='lat' dir='ltr'>laborem,</span> <span class='ocrx_word' id='word_1_44' title='bbox 880 2130 1049 2169; x_wconf 89' lang='lat' dir='ltr'>mente</span> <span class='ocrx_word' id='word_1_45' title='bbox 1084 2119 1243 2180; x_wconf 82' lang='lat' dir='ltr'>laturi,</span> <span class='ocrx_word' id='word_1_46' title='bbox 1282 2120 1428 2169; x_wconf 91' lang='lat' dir='ltr'>decet</span> 
     </span>
     <span class='ocr_line' id='line_1_14' title="bbox 474 2201 1748 2265; baseline -0.001 -14"><span class='ocrx_word' id='word_1_47' title='bbox 474 2217 574 2265; x_wconf 88' lang='lat' dir='ltr'>qua</span> <span class='ocrx_word' id='word_1_48' title='bbox 607 2202 731 2252; x_wconf 83' lang='lat' dir='ltr'>serre</span> <span class='ocrx_word' id='word_1_49' title='bbox 767 2218 869 2252; x_wconf 91' lang='lat' dir='ltr'>non</span> <span class='ocrx_word' id='word_1_50' title='bbox 907 2202 1070 2252; x_wconf 86' lang='lat' dir='ltr'>mollis</span> <span class='ocrx_word' id='word_1_51' title='bbox 1105 2201 1271 2252; x_wconf 84' lang='lat' dir='ltr'>viros?</span> <span class='ocrx_word' id='word_1_52' title='bbox 1698 2221 1748 2251; x_wconf 90' lang='lat'>10</span> 
     </span>
     <span class='ocr_line' id='line_1_15' title="bbox 338 2282 1360 2348; baseline -0.001 -16"><span class='ocrx_word' id='word_1_53' title='bbox 338 2282 564 2343; x_wconf 67' lang='lat' dir='ltr'>feremus»,</span> <span class='ocrx_word' id='word_1_54' title='bbox 601 2291 650 2333; x_wconf 91' lang='lat' dir='ltr'>et</span> <span class='ocrx_word' id='word_1_55' title='bbox 686 2293 734 2333; x_wconf 90' lang='lat' dir='ltr'>te</span> <span class='ocrx_word' id='word_1_56' title='bbox 772 2284 849 2333; x_wconf 91' lang='lat' dir='ltr'>vel</span> <span class='ocrx_word' id='word_1_57' title='bbox 884 2299 970 2348; x_wconf 91' lang='lat' dir='ltr'>per</span> <span class='ocrx_word' id='word_1_58' title='bbox 1005 2282 1209 2347; x_wconf 89' lang='lat' dir='ltr'>Alpium</span> <span class='ocrx_word' id='word_1_59' title='bbox 1247 2282 1360 2347; x_wconf 86' lang='lat' dir='ltr'>iuga</span> 
     </span>
     <span class='ocr_line' id='line_1_16' title="bbox 471 2362 1241 2427; baseline 0 -15"><span class='ocrx_word' id='word_1_60' title='bbox 471 2362 822 2427; x_wconf 86' lang='lat' dir='ltr'>inhospitalem</span> <span class='ocrx_word' id='word_1_61' title='bbox 858 2373 908 2413; x_wconf 92' lang='lat' dir='ltr'>et</span> <span class='ocrx_word' id='word_1_62' title='bbox 945 2365 1241 2423; x_wconf 88' lang='lat' dir='ltr'>Caucasum,</span> 
     </span>
     <span class='ocr_line' id='line_1_17' title="bbox 338 2443 1501 2510; baseline -0.002 -16"><span class='ocrx_word' id='word_1_63' title='bbox 338 2447 415 2495; x_wconf 86' lang='lat' dir='ltr'>vel</span> <span class='ocrx_word' id='word_1_64' title='bbox 451 2445 741 2497; x_wconf 89' lang='lat' dir='ltr'>Occidentis</span> <span class='ocrx_word' id='word_1_65' title='bbox 777 2462 934 2510; x_wconf 88' lang='lat' dir='ltr'>usque</span> <span class='ocrx_word' id='word_1_66' title='bbox 969 2447 1036 2496; x_wconf 91' lang='lat' dir='ltr'>ad</span> <span class='ocrx_word' id='word_1_67' title='bbox 1070 2445 1299 2494; x_wconf 85' lang='lat' dir='ltr'>ultimum</span> <span class='ocrx_word' id='word_1_68' title='bbox 1337 2443 1501 2493; x_wconf 89' lang='lat' dir='ltr'>sinum</span> 
     </span>
     <span class='ocr_line' id='line_1_18' title="bbox 474 2527 1133 2593; baseline 0.002 -17"><span class='ocrx_word' id='word_1_69' title='bbox 474 2527 584 2576; x_wconf 80' lang='lat' dir='ltr'>sorti</span> <span class='ocrx_word' id='word_1_70' title='bbox 622 2543 884 2591; x_wconf 88' lang='lat' dir='ltr'>sequemur</span> <span class='ocrx_word' id='word_1_71' title='bbox 918 2538 1133 2593; x_wconf 86' lang='lat' dir='ltr'>pectore.</span> 
     </span>
    </p>
   </div>
   <div class='ocr_carea' id='block_1_6' title="bbox 69 2702 1750 2882">
    <p class='ocr_par' dir='ltr' id='par_1_6' title="bbox 69 2702 1750 2882">
     <span class='ocr_line' id='line_1_19' title="bbox 153 2702 1750 2758; baseline 0.001 -15"><span class='ocrx_word' id='word_1_72' title='bbox 153 2709 186 2743; x_wconf 77' lang='grc' dir='ltr'>Ι.</span> <span class='ocrx_word' id='word_1_73' title='bbox 215 2714 253 2756; x_wconf 72' lang='lat'>5.</span> <span class='ocrx_word' id='word_1_74' title='bbox 312 2702 444 2757; x_wconf 68' lang='lat' dir='ltr'>Many</span> <span class='ocrx_word' id='word_1_75' title='bbox 470 2703 566 2745; x_wconf 86' lang='lat' dir='ltr'>edd.</span> <span class='ocrx_word' id='word_1_76' title='bbox 600 2704 704 2745; x_wconf 80' lang='lat' dir='ltr'>alter</span> <span class='ocrx_word' id='word_1_77' title='bbox 730 2705 772 2745; x_wconf 79' lang='lat' dir='ltr'>si</span> <span class='ocrx_word' id='word_1_78' title='bbox 796 2704 886 2747; x_wconf 82' lang='lat' dir='ltr'>into</span> <span class='ocrx_word' id='word_1_79' title='bbox 912 2706 979 2754; x_wconf 82' lang='lat' dir='ltr'>sit,</span> <span class='ocrx_word' id='word_1_80' title='bbox 1009 2706 1083 2746; x_wconf 87' lang='lat' dir='ltr'>but</span> <span class='ocrx_word' id='word_1_81' title='bbox 1110 2706 1152 2746; x_wconf 77' lang='lat' dir='ltr'>si</span> <span class='ocrx_word' id='word_1_82' title='bbox 1177 2705 1212 2746; x_wconf 88' lang='lat' dir='ltr'>is</span> <span class='ocrx_word' id='word_1_83' title='bbox 1240 2704 1431 2758; x_wconf 85' lang='lat' dir='ltr'>required</span> <span class='ocrx_word' id='word_1_84' title='bbox 1462 2709 1507 2745; x_wconf 91' lang='lat' dir='ltr'>to</span> <span class='ocrx_word' id='word_1_85' title='bbox 1538 2703 1677 2745; x_wconf 87' lang='lat' dir='ltr'>match</span> <span class='ocrx_word' id='word_1_86' title='bbox 1710 2703 1750 2744; x_wconf 76' lang='lat' dir='ltr'>si</span> 
     </span>
     <span class='ocr_line' id='line_1_20' title="bbox 69 2769 1746 2826; baseline 0.002 -17"><span class='ocrx_word' id='word_1_87' title='bbox 69 2771 226 2819; x_wconf 66' lang='lat' dir='ltr'>num,</span> <span class='ocrx_word' id='word_1_88' title='bbox 258 2769 341 2811; x_wconf 70' lang='lat' dir='ltr'>and</span> <span class='ocrx_word' id='word_1_89' title='bbox 375 2770 446 2811; x_wconf 80' lang='lat' dir='ltr'>the</span> <span class='ocrx_word' id='word_1_90' title='bbox 476 2771 755 2813; x_wconf 78' lang='lat' dir='ltr'>construction</span> <span class='ocrx_word' id='word_1_91' title='bbox 790 2773 973 2813; x_wconf 79' lang='lat' dir='ltr'>iucunda</span> <span class='ocrx_word' id='word_1_92' title='bbox 1006 2773 1047 2813; x_wconf 83' lang='lat' dir='ltr'>si</span> <span class='ocrx_word' id='word_1_93' title='bbox 1073 2778 1111 2813; x_wconf 84' lang='lat' dir='ltr'>te</span> <span class='ocrx_word' id='word_1_94' title='bbox 1136 2773 1351 2826; x_wconf 83' lang='lat' dir='ltr'>superstite</span> <span class='ocrx_word' id='word_1_95' title='bbox 1381 2772 1416 2813; x_wconf 88' lang='lat' dir='ltr'>is</span> <span class='ocrx_word' id='word_1_96' title='bbox 1447 2772 1598 2813; x_wconf 83' lang='lat' dir='ltr'>hardlv</span> <span class='ocrx_word' id='word_1_97' title='bbox 1630 2785 1746 2812; x_wconf 86' lang='lat' dir='ltr'>more</span> 
     </span>
     <span class='ocr_line' id='line_1_21' title="bbox 70 2829 1717 2882; baseline 0.002 -6"><span class='ocrx_word' id='word_1_98' title='bbox 70 2829 240 2878; x_wconf 67' lang='lat' dir='ltr'>dffieult</span> <span class='ocrx_word' id='word_1_99' title='bbox 271 2835 369 2879; x_wconf 68' lang='lat' dir='ltr'>than</span> <span class='ocrx_word' id='word_1_100' title='bbox 398 2851 482 2880; x_wconf 79' lang='lat' dir='ltr'>non</span> <span class='ocrx_word' id='word_1_101' title='bbox 510 2840 627 2880; x_wconf 83' lang='lat' dir='ltr'>dulce</span> <span class='ocrx_word' id='word_1_102' title='bbox 651 2842 702 2880; x_wconf 87' lang='lat' dir='ltr'>m‘</span> <span class='ocrx_word' id='word_1_103' title='bbox 726 2847 857 2881; x_wconf 83' lang='lat' dir='ltr'>tecum</span> <span class='ocrx_word' id='word_1_104' title='bbox 885 2842 1020 2882; x_wconf 81' lang='lat' dir='ltr'>simul</span> <span class='ocrx_word' id='word_1_105' title='bbox 1046 2842 1085 2881; x_wconf 89' lang='lat' dir='ltr'>in</span> <span class='ocrx_word' id='word_1_106' title='bbox 1116 2842 1143 2882; x_wconf 90' lang='lat'>1.</span> <span class='ocrx_word' id='word_1_107' title='bbox 1178 2842 1217 2882; x_wconf 91' lang='grc'>8.</span> <span class='ocrx_word' id='word_1_108' title='bbox 1277 2841 1414 2882; x_wconf 87' lang='lat' dir='ltr'>Ritter</span> <span class='ocrx_word' id='word_1_109' title='bbox 1442 2841 1561 2882; x_wconf 84' lang='lat' dir='ltr'>reads</span> <span class='ocrx_word' id='word_1_110' title='bbox 1587 2841 1628 2882; x_wconf 82' lang='lat' dir='ltr'>si</span> <span class='ocrx_word' id='word_1_111' title='bbox 1649 2845 1717 2881; x_wconf 87' lang='lat' dir='ltr'>est.</span> 
     </span>
    </p>
   </div>
  </div>
 </body>
</html>
