<?xml version="1.0" encoding="UTF-8"?>
<!DOCTYPE html PUBLIC "-//W3C//DTD XHTML 1.0 Transitional//EN"
    "http://www.w3.org/TR/xhtml1/DTD/xhtml1-transitional.dtd">
<html xmlns="http://www.w3.org/1999/xhtml" xml:lang="en" lang="en">
 <head>
  <title>
</title>
<meta http-equiv="Content-Type" content="text/html;charset=utf-8" />
  <meta name='ocr-system' content='tesseract 3.04.00' />
  <meta name='ocr-capabilities' content='ocr_page ocr_carea ocr_par ocr_line ocrx_word'/>
</head>
<body>
  <div class='ocr_page' id='page_1' title='image "./carminaliberepod00horauoft_0084.png"; bbox 0 0 1930 3060; ppageno 0'>
   <div class='ocr_carea' id='block_1_1' title="bbox 149 133 224 197">
    <p class='ocr_par' dir='ltr' id='par_1_1' title="bbox 149 133 224 197">
     <span class='ocr_line' id='line_1_1' title="bbox 149 133 224 197; baseline 0 -25"><span class='ocrx_word' id='word_1_1' title='bbox 149 133 224 197; x_wconf 85' lang='lat'><strong>40</strong></span> 
     </span>
    </p>
   </div>
   <div class='ocr_carea' id='block_1_2' title="bbox 681 134 1299 183">
    <p class='ocr_par' dir='ltr' id='par_1_2' title="bbox 681 134 1299 183">
     <span class='ocr_line' id='line_1_2' title="bbox 681 134 1299 183; baseline 0.01 -8"><span class='ocrx_word' id='word_1_2' title='bbox 681 134 917 183; x_wconf 86' lang='lat' dir='ltr'>HORATI</span> <span class='ocrx_word' id='word_1_3' title='bbox 957 138 1199 180; x_wconf 87' lang='lat' dir='ltr'>CARMIN</span> <span class='ocrx_word' id='word_1_4' title='bbox 1211 140 1299 181; x_wconf 89' lang='lat' dir='ltr'><strong>UM</strong></span> 
     </span>
    </p>
   </div>
   <div class='ocr_carea' id='block_1_3' title="bbox 935 346 1030 392">
    <p class='ocr_par' dir='ltr' id='par_1_3' title="bbox 935 346 1030 392">
     <span class='ocr_line' id='line_1_3' title="bbox 935 346 1030 392; baseline 0 0"><span class='ocrx_word' id='word_1_5' title='bbox 935 346 1030 392; x_wconf 93' lang='grc' dir='ltr'><strong>ΙΙΙ.</strong></span> 
     </span>
    </p>
   </div>
   <div class='ocr_carea' id='block_1_4' title="bbox 417 470 1460 789">
    <p class='ocr_par' dir='ltr' id='par_1_4' title="bbox 417 470 1460 789">
     <span class='ocr_line' id='line_1_4' title="bbox 417 470 1397 547; baseline 0.006 -15"><span class='ocrx_word' id='word_1_6' title='bbox 417 487 643 547; x_wconf 89' lang='lat' dir='ltr'><strong>Aequam</strong></span> <span class='ocrx_word' id='word_1_7' title='bbox 678 470 933 536; x_wconf 68' lang='lat' dir='ltr'><strong>memehto</strong></span> <span class='ocrx_word' id='word_1_8' title='bbox 969 489 1114 536; x_wconf 92' lang='lat' dir='ltr'><strong>rebus</strong></span> <span class='ocrx_word' id='word_1_9' title='bbox 1149 487 1200 536; x_wconf 91' lang='lat' dir='ltr'><strong>in</strong></span> <span class='ocrx_word' id='word_1_10' title='bbox 1236 488 1397 538; x_wconf 83' lang='lat' dir='ltr'>arduis</span> 
     </span>
     <span class='ocr_line' id='line_1_5' title="bbox 417 569 1460 624; baseline 0.006 -11"><span class='ocrx_word' id='word_1_11' title='bbox 417 581 608 614; x_wconf 89' lang='lat' dir='ltr'><strong>servare</strong></span> <span class='ocrx_word' id='word_1_12' title='bbox 645 575 875 624; x_wconf 86' lang='lat' dir='ltr'>mentem,</span> <span class='ocrx_word' id='word_1_13' title='bbox 915 584 1017 615; x_wconf 88' lang='lat' dir='ltr'><strong>non</strong></span> <span class='ocrx_word' id='word_1_14' title='bbox 1054 584 1194 616; x_wconf 87' lang='lat' dir='ltr'><strong>secus</strong></span> <span class='ocrx_word' id='word_1_15' title='bbox 1229 569 1280 616; x_wconf 91' lang='lat' dir='ltr'><strong>in</strong></span> <span class='ocrx_word' id='word_1_16' title='bbox 1315 571 1460 619; x_wconf 87' lang='lat' dir='ltr'><strong>bonis</strong></span> 
     </span>
     <span class='ocr_line' id='line_1_6' title="bbox 485 645 1181 709; baseline 0.006 -17"><span class='ocrx_word' id='word_1_17' title='bbox 485 647 549 694; x_wconf 91' lang='lat' dir='ltr'><strong>ab</strong></span> <span class='ocrx_word' id='word_1_18' title='bbox 586 645 817 694; x_wconf 88' lang='lat' dir='ltr'>insolenti</span> <span class='ocrx_word' id='word_1_19' title='bbox 853 656 1181 709; x_wconf 85' lang='lat' dir='ltr'><strong>temperatam</strong></span> 
     </span>
     <span class='ocr_line' id='line_1_7' title="bbox 552 725 1208 789; baseline 0.009 -17"><span class='ocrx_word' id='word_1_20' title='bbox 552 725 751 786; x_wconf 88' lang='lat' dir='ltr'><strong>laetitia,</strong></span> <span class='ocrx_word' id='word_1_21' title='bbox 790 727 1024 777; x_wconf 89' lang='lat' dir='ltr'><strong>moriture</strong></span> <span class='ocrx_word' id='word_1_22' title='bbox 1060 728 1208 789; x_wconf 88' lang='lat' dir='ltr'><strong>Delli,</strong></span> 
     </span>
    </p>
   </div>
   <div class='ocr_carea' id='block_1_5' title="bbox 418 836 1423 1130">
    <p class='ocr_par' dir='ltr' id='par_1_5' title="bbox 418 836 1410 901">
     <span class='ocr_line' id='line_1_8' title="bbox 418 836 1410 901; baseline 0.007 -20"><span class='ocrx_word' id='word_1_23' title='bbox 418 849 505 882; x_wconf 92' lang='lat' dir='ltr'><strong>seu</strong></span> <span class='ocrx_word' id='word_1_24' title='bbox 541 844 755 884; x_wconf 90' lang='lat' dir='ltr'><strong>maestus</strong></span> <span class='ocrx_word' id='word_1_25' title='bbox 790 836 927 885; x_wconf 90' lang='lat' dir='ltr'><strong>omni</strong></span> <span class='ocrx_word' id='word_1_26' title='bbox 963 847 1186 901; x_wconf 88' lang='lat' dir='ltr'><strong>tempore</strong></span> <span class='ocrx_word' id='word_1_27' title='bbox 1221 838 1410 899; x_wconf 81' lang='lat' dir='ltr'><strong>vixeriS‚</strong></span> 
     </span>
    </p>

    <p class='ocr_par' dir='ltr' id='par_1_6' title="bbox 419 914 1423 1130">
     <span class='ocr_line' id='line_1_9' title="bbox 419 914 1423 983; baseline 0.007 -21"><span class='ocrx_word' id='word_1_28' title='bbox 419 929 505 963; x_wconf 90' lang='lat' dir='ltr'><strong>seu</strong></span> <span class='ocrx_word' id='word_1_29' title='bbox 542 924 589 964; x_wconf 91' lang='lat' dir='ltr'><strong>te</strong></span> <span class='ocrx_word' id='word_1_30' title='bbox 624 914 675 963; x_wconf 91' lang='lat' dir='ltr'><strong>in</strong></span> <span class='ocrx_word' id='word_1_31' title='bbox 710 927 904 967; x_wconf 90' lang='lat' dir='ltr'><strong>remoto</strong></span> <span class='ocrx_word' id='word_1_32' title='bbox 938 918 1159 981; x_wconf 91' lang='lat' dir='ltr'><strong>gramine</strong></span> <span class='ocrx_word' id='word_1_33' title='bbox 1193 935 1284 983; x_wconf 91' lang='lat' dir='ltr'><strong>per</strong></span> <span class='ocrx_word' id='word_1_34' title='bbox 1317 920 1423 969; x_wconf 87' lang='lat' dir='ltr'><strong>dies</strong></span> 
     </span>
     <span class='ocr_line' id='line_1_10' title="bbox 488 996 1159 1049; baseline 0.009 -7"><span class='ocrx_word' id='word_1_35' title='bbox 488 996 638 1045; x_wconf 86' lang='lat' dir='ltr'><strong>festos</strong></span> <span class='ocrx_word' id='word_1_36' title='bbox 672 998 964 1047; x_wconf 89' lang='lat' dir='ltr'><strong>reclinatum</strong></span> <span class='ocrx_word' id='word_1_37' title='bbox 1002 1000 1159 1049; x_wconf 91' lang='lat' dir='ltr'><strong>bearis</strong></span> 
     </span>
     <span class='ocr_line' id='line_1_11' title="bbox 553 1077 1181 1130; baseline 0.01 -6"><span class='ocrx_word' id='word_1_38' title='bbox 553 1077 783 1128; x_wconf 90' lang='lat' dir='ltr'><strong>interiore</strong></span> <span class='ocrx_word' id='word_1_39' title='bbox 820 1090 938 1129; x_wconf 90' lang='lat' dir='ltr'><strong>nota</strong></span> <span class='ocrx_word' id='word_1_40' title='bbox 974 1081 1181 1130; x_wconf 85' lang='lat' dir='ltr'><strong>Falerni.</strong></span> 
     </span>
    </p>
   </div>
   <div class='ocr_carea' id='block_1_6' title="bbox 419 1187 1501 1500">
    <p class='ocr_par' dir='ltr' id='par_1_7' title="bbox 419 1187 1501 1500">
     <span class='ocr_line' id='line_1_12' title="bbox 419 1187 1407 1256; baseline 0.007 -22"><span class='ocrx_word' id='word_1_41' title='bbox 419 1202 520 1249; x_wconf 91' lang='lat' dir='ltr'><strong>quo</strong></span> <span class='ocrx_word' id='word_1_42' title='bbox 556 1187 701 1250; x_wconf 89' lang='lat' dir='ltr'>pinus</span> <span class='ocrx_word' id='word_1_43' title='bbox 737 1188 910 1253; x_wconf 89' lang='lat' dir='ltr'><strong>ingens</strong></span> <span class='ocrx_word' id='word_1_44' title='bbox 945 1192 1156 1254; x_wconf 92' lang='lat' dir='ltr'><strong>albaque</strong></span> <span class='ocrx_word' id='word_1_45' title='bbox 1193 1193 1407 1256; x_wconf 89' lang='lat' dir='ltr'><strong>populus</strong></span> 
     </span>
     <span class='ocr_line' id='line_1_13' title="bbox 420 1270 1501 1333; baseline 0.007 -17"><span class='ocrx_word' id='word_1_46' title='bbox 420 1270 646 1317; x_wconf 91' lang='lat' dir='ltr'><strong>umbram</strong></span> <span class='ocrx_word' id='word_1_47' title='bbox 681 1270 988 1333; x_wconf 34' lang='lat' dir='ltr'><strong>hospitalem*</strong></span> <span class='ocrx_word' id='word_1_48' title='bbox 1011 1273 1298 1323; x_wconf 85' lang='lat' dir='ltr'><strong>consociare</strong></span> <span class='ocrx_word' id='word_1_49' title='bbox 1331 1285 1501 1324; x_wconf 91' lang='lat' dir='ltr'><strong>amant</strong></span> 
     </span>
     <span class='ocr_line' id='line_1_14' title="bbox 489 1351 1304 1418; baseline 0.009 -20"><span class='ocrx_word' id='word_1_50' title='bbox 489 1351 670 1400; x_wconf 80' lang='lat' dir='ltr'><strong>ramis?</strong></span> <span class='ocrx_word' id='word_1_51' title='bbox 717 1354 838 1415; x_wconf 91' lang='lat' dir='ltr'><strong>quid</strong></span> <span class='ocrx_word' id='word_1_52' title='bbox 874 1353 1079 1418; x_wconf 89' lang='lat' dir='ltr'><strong>obliquo</strong></span> <span class='ocrx_word' id='word_1_53' title='bbox 1114 1356 1304 1405; x_wconf 89' lang='lat' dir='ltr'><strong>laborat</strong></span> 
     </span>
     <span class='ocr_line' id='line_1_15' title="bbox 555 1434 1389 1500; baseline 0.008 -19"><span class='ocrx_word' id='word_1_54' title='bbox 555 1434 759 1497; x_wconf 84' lang='lat' dir='ltr'><strong>lympha</strong></span> <span class='ocrx_word' id='word_1_55' title='bbox 792 1435 937 1498; x_wconf 89' lang='lat' dir='ltr'><strong>fugax</strong></span> <span class='ocrx_word' id='word_1_56' title='bbox 973 1436 1215 1500; x_wconf 87' lang='lat' dir='ltr'><strong>trepidare</strong></span> <span class='ocrx_word' id='word_1_57' title='bbox 1251 1437 1389 1488; x_wconf 83' lang='lat' dir='ltr'><strong>rivo?</strong></span> 
     </span>
    </p>
   </div>
   <div class='ocr_carea' id='block_1_7' title="bbox 422 1543 1562 1687">
    <p class='ocr_par' dir='ltr' id='par_1_8' title="bbox 422 1543 1562 1687">
     <span class='ocr_line' id='line_1_16' title="bbox 422 1543 1562 1608; baseline 0.008 -18"><span class='ocrx_word' id='word_1_58' title='bbox 422 1543 520 1591; x_wconf 88' lang='lat' dir='ltr'><strong>huc</strong></span> <span class='ocrx_word' id='word_1_59' title='bbox 556 1544 670 1592; x_wconf 86' lang='lat' dir='ltr'><strong>vina</strong></span> <span class='ocrx_word' id='word_1_60' title='bbox 705 1553 754 1593; x_wconf 92' lang='lat' dir='ltr'><strong>et</strong></span> <span class='ocrx_word' id='word_1_61' title='bbox 789 1555 1041 1608; x_wconf 88' lang='lat' dir='ltr'><strong>unguenta</strong></span> <span class='ocrx_word' id='word_1_62' title='bbox 1075 1556 1125 1597; x_wconf 90' lang='lat' dir='ltr'><strong>et</strong></span> <span class='ocrx_word' id='word_1_63' title='bbox 1159 1547 1365 1596; x_wconf 89' lang='lat' dir='ltr'><strong>nimium</strong></span> <span class='ocrx_word' id='word_1_64' title='bbox 1402 1550 1562 1599; x_wconf 88' lang='lat' dir='ltr'><strong>brevis</strong></span> 
     </span>
     <span class='ocr_line' id='line_1_17' title="bbox 422 1625 1336 1687; baseline 0.008 -15"><span class='ocrx_word' id='word_1_65' title='bbox 422 1625 565 1673; x_wconf 89' lang='lat' dir='ltr'><strong>flores</strong></span> <span class='ocrx_word' id='word_1_66' title='bbox 600 1641 840 1675; x_wconf 89' lang='lat' dir='ltr'><strong>amoenae</strong></span> <span class='ocrx_word' id='word_1_67' title='bbox 875 1627 997 1676; x_wconf 88' lang='lat' dir='ltr'><strong>ferre</strong></span> <span class='ocrx_word' id='word_1_68' title='bbox 1031 1626 1148 1678; x_wconf 90' lang='lat' dir='ltr'><strong>iube</strong></span> <span class='ocrx_word' id='word_1_69' title='bbox 1181 1645 1336 1687; x_wconf 86' lang='lat' dir='ltr'><strong>rosae,</strong></span> 
     </span>
    </p>
   </div>
   <div class='ocr_carea' id='block_1_8' title="bbox 490 1706 1321 1851">
    <p class='ocr_par' dir='ltr' id='par_1_9' title="bbox 490 1706 1321 1851">
     <span class='ocr_line' id='line_1_18' title="bbox 490 1706 1321 1760; baseline 0.008 -7"><span class='ocrx_word' id='word_1_70' title='bbox 490 1706 609 1754; x_wconf 90' lang='lat' dir='ltr'><strong>dum</strong></span> <span class='ocrx_word' id='word_1_71' title='bbox 644 1722 720 1754; x_wconf 91' lang='lat' dir='ltr'><strong>res</strong></span> <span class='ocrx_word' id='word_1_72' title='bbox 757 1716 806 1755; x_wconf 92' lang='lat' dir='ltr'><strong>et</strong></span> <span class='ocrx_word' id='word_1_73' title='bbox 842 1716 975 1757; x_wconf 88' lang='lat' dir='ltr'><strong>aetas</strong></span> <span class='ocrx_word' id='word_1_74' title='bbox 1011 1719 1060 1758; x_wconf 92' lang='lat' dir='ltr'><strong>et</strong></span> <span class='ocrx_word' id='word_1_75' title='bbox 1097 1726 1321 1760; x_wconf 90' lang='lat' dir='ltr'><strong>sororum</strong></span> 
     </span>
     <span class='ocr_line' id='line_1_19' title="bbox 559 1787 1263 1851; baseline 0.009 -17"><span class='ocrx_word' id='word_1_76' title='bbox 559 1787 642 1835; x_wconf 89' lang='lat' dir='ltr'><strong>fila</strong></span> <span class='ocrx_word' id='word_1_77' title='bbox 678 1788 823 1835; x_wconf 90' lang='lat' dir='ltr'><strong>trium</strong></span> <span class='ocrx_word' id='word_1_78' title='bbox 858 1789 1112 1851; x_wconf 89' lang='lat' dir='ltr'><strong>patiuntur</strong></span> <span class='ocrx_word' id='word_1_79' title='bbox 1145 1800 1263 1840; x_wconf 86' lang='lat' dir='ltr'><strong>atra.</strong></span> 
     </span>
    </p>
   </div>
   <div class='ocr_carea' id='block_1_9' title="bbox 423 1894 1438 2202">
    <p class='ocr_par' dir='ltr' id='par_1_10' title="bbox 423 1894 1438 2202">
     <span class='ocr_line' id='line_1_20' title="bbox 423 1894 1362 1957; baseline 0.007 -16"><span class='ocrx_word' id='word_1_80' title='bbox 423 1894 572 1942; x_wconf 88' lang='lat' dir='ltr'><strong>cedes</strong></span> <span class='ocrx_word' id='word_1_81' title='bbox 608 1894 848 1957; x_wconf 91' lang='lat' dir='ltr'><strong>coemptis</strong></span> <span class='ocrx_word' id='word_1_82' title='bbox 884 1895 1088 1945; x_wconf 84' lang='lat' dir='ltr'><strong>saltibus</strong></span> <span class='ocrx_word' id='word_1_83' title='bbox 1123 1907 1173 1947; x_wconf 90' lang='lat' dir='ltr'><strong>et</strong></span> <span class='ocrx_word' id='word_1_84' title='bbox 1208 1899 1362 1947; x_wconf 91' lang='lat' dir='ltr'><strong>domo</strong></span> 
     </span>
     <span class='ocr_line' id='line_1_21' title="bbox 423 1974 1438 2039; baseline 0.008 -17"><span class='ocrx_word' id='word_1_85' title='bbox 423 1974 650 2038; x_wconf 89' lang='lat' dir='ltr'><strong>villaque,</strong></span> <span class='ocrx_word' id='word_1_86' title='bbox 689 1977 841 2025; x_wconf 89' lang='lat' dir='ltr'><strong>flavus</strong></span> <span class='ocrx_word' id='word_1_87' title='bbox 877 1993 1025 2039; x_wconf 92' lang='lat' dir='ltr'><strong>quam</strong></span> <span class='ocrx_word' id='word_1_88' title='bbox 1061 1980 1106 2026; x_wconf 90' lang='grc' dir='ltr'><strong>Τ</strong></span> <span class='ocrx_word' id='word_1_89' title='bbox 1107 1977 1252 2028; x_wconf 91' lang='lat' dir='ltr'><strong>iberis</strong></span> <span class='ocrx_word' id='word_1_90' title='bbox 1288 1979 1438 2031; x_wconf 81' lang='lat' dir='ltr'><strong>lavit:</strong></span> 
     </span>
     <span class='ocr_line' id='line_1_22' title="bbox 491 2058 1312 2118; baseline 0.005 -12"><span class='ocrx_word' id='word_1_91' title='bbox 491 2058 656 2118; x_wconf 88' lang='lat' dir='ltr'><strong>cedes,</strong></span> <span class='ocrx_word' id='word_1_92' title='bbox 694 2067 743 2106; x_wconf 92' lang='lat' dir='ltr'><strong>et</strong></span> <span class='ocrx_word' id='word_1_93' title='bbox 778 2058 1033 2108; x_wconf 84' lang='lat' dir='ltr'><strong>exstructis</strong></span> <span class='ocrx_word' id='word_1_94' title='bbox 1069 2059 1122 2109; x_wconf 91' lang='lat' dir='ltr'><strong>in</strong></span> <span class='ocrx_word' id='word_1_95' title='bbox 1156 2062 1312 2110; x_wconf 89' lang='lat' dir='ltr'><strong>altum</strong></span> 
     </span>
     <span class='ocr_line' id='line_1_23' title="bbox 558 2138 1177 2202; baseline 0.005 -15"><span class='ocrx_word' id='word_1_96' title='bbox 558 2138 740 2187; x_wconf 91' lang='lat' dir='ltr'><strong>divitiis</strong></span> <span class='ocrx_word' id='word_1_97' title='bbox 775 2139 989 2202; x_wconf 90' lang='lat' dir='ltr'><strong>potietur</strong></span> <span class='ocrx_word' id='word_1_98' title='bbox 1024 2141 1177 2190; x_wconf 91' lang='lat' dir='ltr'><strong>heres.</strong></span> 
     </span>
    </p>
   </div>
   <div class='ocr_carea' id='block_1_10' title="bbox 424 2249 1356 2548">
    <p class='ocr_par' dir='ltr' id='par_1_11' title="bbox 424 2249 1334 2312">
     <span class='ocr_line' id='line_1_24' title="bbox 424 2249 1334 2312; baseline 0.007 -15"><span class='ocrx_word' id='word_1_99' title='bbox 424 2249 628 2298; x_wconf 85' lang='lat' dir='ltr'><strong>divesne</strong></span> <span class='ocrx_word' id='word_1_100' title='bbox 662 2249 826 2312; x_wconf 90' lang='lat' dir='ltr'><strong>prisco</strong></span> <span class='ocrx_word' id='word_1_101' title='bbox 863 2261 1006 2300; x_wconf 91' lang='lat' dir='ltr'><strong>natus</strong></span> <span class='ocrx_word' id='word_1_102' title='bbox 1041 2252 1105 2301; x_wconf 93' lang='lat' dir='ltr'><strong>ab</strong></span> <span class='ocrx_word' id='word_1_103' title='bbox 1143 2254 1334 2303; x_wconf 90' lang='lat' dir='ltr'><strong>Inacho</strong></span> 
     </span>
    </p>

    <p class='ocr_par' dir='ltr' id='par_1_12' title="bbox 426 2329 1340 2478">
     <span class='ocr_line' id='line_1_25' title="bbox 426 2329 1340 2395; baseline 0.008 -19"><span class='ocrx_word' id='word_1_104' title='bbox 426 2329 494 2376; x_wconf 92' lang='lat' dir='ltr'><strong>nil</strong></span> <span class='ocrx_word' id='word_1_105' title='bbox 531 2329 733 2379; x_wconf 90' lang='lat' dir='ltr'><strong>interest</strong></span> <span class='ocrx_word' id='word_1_106' title='bbox 766 2348 830 2379; x_wconf 92' lang='lat' dir='ltr'><strong>an</strong></span> <span class='ocrx_word' id='word_1_107' title='bbox 866 2348 1053 2395; x_wconf 89' lang='lat' dir='ltr'><strong>pauper</strong></span> <span class='ocrx_word' id='word_1_108' title='bbox 1088 2344 1136 2383; x_wconf 92' lang='lat' dir='ltr'><strong>et</strong></span> <span class='ocrx_word' id='word_1_109' title='bbox 1171 2334 1340 2384; x_wconf 88' lang='lat' dir='ltr'><strong>infima</strong></span> 
     </span>
     <span class='ocr_line' id='line_1_26' title="bbox 492 2412 1268 2478; baseline 0.006 -18"><span class='ocrx_word' id='word_1_110' title='bbox 492 2412 557 2460; x_wconf 92' lang='lat' dir='ltr'><strong>de</strong></span> <span class='ocrx_word' id='word_1_111' title='bbox 591 2421 738 2474; x_wconf 89' lang='lat' dir='ltr'><strong>gente</strong></span> <span class='ocrx_word' id='word_1_112' title='bbox 773 2413 864 2462; x_wconf 92' lang='lat' dir='ltr'><strong>sub</strong></span> <span class='ocrx_word' id='word_1_113' title='bbox 900 2412 1016 2462; x_wconf 93' lang='lat' dir='ltr'><strong>divo</strong></span> <span class='ocrx_word' id='word_1_114' title='bbox 1052 2417 1268 2478; x_wconf 83' lang='lat' dir='ltr'><strong>moreriS‚</strong></span> 
     </span>
    </p>

    <p class='ocr_par' dir='ltr' id='par_1_13' title="bbox 559 2492 1356 2548">
     <span class='ocr_line' id='line_1_27' title="bbox 559 2492 1356 2548; baseline 0.01 -8"><span class='ocrx_word' id='word_1_115' title='bbox 559 2492 758 2542; x_wconf 89' lang='lat' dir='ltr'><strong>victima</strong></span> <span class='ocrx_word' id='word_1_116' title='bbox 792 2493 861 2542; x_wconf 88' lang='lat' dir='ltr'><strong>nil</strong></span> <span class='ocrx_word' id='word_1_117' title='bbox 897 2495 1172 2546; x_wconf 89' lang='lat' dir='ltr'><strong>miserantis</strong></span> <span class='ocrx_word' id='word_1_118' title='bbox 1209 2499 1356 2548; x_wconf 89' lang='lat' dir='ltr'><strong>Orci:</strong></span> 
     </span>
    </p>
   </div>
   <div class='ocr_carea' id='block_1_11' title="bbox 424 2603 1408 2910">
    <p class='ocr_par' dir='ltr' id='par_1_14' title="bbox 424 2603 1408 2910">
     <span class='ocr_line' id='line_1_28' title="bbox 424 2603 1347 2667; baseline 0.004 -16"><span class='ocrx_word' id='word_1_119' title='bbox 424 2617 599 2651; x_wconf 91' lang='lat' dir='ltr'><strong>omnes</strong></span> <span class='ocrx_word' id='word_1_120' title='bbox 634 2603 814 2651; x_wconf 91' lang='lat' dir='ltr'><strong>eodem</strong></span> <span class='ocrx_word' id='word_1_121' title='bbox 850 2604 1084 2667; x_wconf 89' lang='lat' dir='ltr'><strong>cogimur,</strong></span> <span class='ocrx_word' id='word_1_122' title='bbox 1123 2606 1347 2655; x_wconf 90' lang='lat' dir='ltr'><strong>omnium</strong></span> 
     </span>
     <span class='ocr_line' id='line_1_29' title="bbox 424 2686 1156 2736; baseline 0.005 -5"><span class='ocrx_word' id='word_1_123' title='bbox 424 2693 642 2732; x_wconf 89' lang='lat' dir='ltr'><strong>versatur</strong></span> <span class='ocrx_word' id='word_1_124' title='bbox 675 2701 797 2733; x_wconf 91' lang='lat' dir='ltr'><strong>urna</strong></span> <span class='ocrx_word' id='word_1_125' title='bbox 831 2686 983 2735; x_wconf 87' lang='lat' dir='ltr'><strong>serius</strong></span> <span class='ocrx_word' id='word_1_126' title='bbox 1019 2686 1156 2736; x_wconf 82' lang='lat' dir='ltr'><strong>ocius</strong></span> 
     </span>
     <span class='ocr_line' id='line_1_30' title="bbox 494 2767 1408 2818; baseline 0.004 -5"><span class='ocrx_word' id='word_1_127' title='bbox 494 2781 597 2813; x_wconf 91' lang='lat' dir='ltr'><strong>sors</strong></span> <span class='ocrx_word' id='word_1_128' title='bbox 633 2767 822 2815; x_wconf 89' lang='lat' dir='ltr'><strong>exitura</strong></span> <span class='ocrx_word' id='word_1_129' title='bbox 858 2776 906 2816; x_wconf 88' lang='lat' dir='ltr'><strong>et</strong></span> <span class='ocrx_word' id='word_1_130' title='bbox 942 2783 1034 2816; x_wconf 91' lang='lat' dir='ltr'><strong>nos</strong></span> <span class='ocrx_word' id='word_1_131' title='bbox 1069 2768 1120 2816; x_wconf 89' lang='lat' dir='ltr'><strong>in</strong></span> <span class='ocrx_word' id='word_1_132' title='bbox 1155 2777 1408 2818; x_wconf 89' lang='lat' dir='ltr'><strong>aeternum</strong></span> 
     </span>
     <span class='ocr_line' id='line_1_31' title="bbox 561 2847 1346 2910; baseline 0.004 -14"><span class='ocrx_word' id='word_1_133' title='bbox 561 2847 760 2896; x_wconf 87' lang='lat' dir='ltr'><strong>exilium</strong></span> <span class='ocrx_word' id='word_1_134' title='bbox 796 2849 1089 2910; x_wconf 87' lang='lat' dir='ltr'><strong>impositura</strong></span> <span class='ocrx_word' id='word_1_135' title='bbox 1123 2850 1346 2899; x_wconf 88' lang='lat' dir='ltr'><strong>cumbae.</strong></span> 
     </span>
    </p>
   </div>
   <div class='ocr_carea' id='block_1_12' title="bbox 1775 1297 1826 1327">
    <p class='ocr_par' dir='ltr' id='par_1_15' title="bbox 1775 1297 1826 1327">
     <span class='ocr_line' id='line_1_32' title="bbox 1775 1297 1826 1327; baseline 0 0"><span class='ocrx_word' id='word_1_136' title='bbox 1775 1297 1826 1327; x_wconf 92' lang='lat'><strong>10</strong></span> 
     </span>
    </p>
   </div>
   <div class='ocr_carea' id='block_1_13' title="bbox 1778 1731 1823 1773">
    <p class='ocr_par' dir='ltr' id='par_1_16' title="bbox 1778 1731 1823 1773">
     <span class='ocr_line' id='line_1_33' title="bbox 1778 1731 1823 1773; baseline 0 0"><span class='ocrx_word' id='word_1_137' title='bbox 1778 1731 1823 1773; x_wconf 85' lang='grc' dir='ltr'><strong>Ῑ5</strong></span> 
     </span>
    </p>
   </div>
   <div class='ocr_carea' id='block_1_14' title="bbox 1773 2162 1829 2193">
    <p class='ocr_par' dir='ltr' id='par_1_17' title="bbox 1773 2162 1829 2193">
     <span class='ocr_line' id='line_1_34' title="bbox 1773 2162 1829 2193; baseline -0.018 0"><span class='ocrx_word' id='word_1_138' title='bbox 1773 2162 1829 2193; x_wconf 83' lang='grc'><strong>20</strong></span> 
     </span>
    </p>
   </div>
   <div class='ocr_carea' id='block_1_15' title="bbox 1773 2626 1825 2670">
    <p class='ocr_par' dir='ltr' id='par_1_18' title="bbox 1773 2626 1825 2670">
     <span class='ocr_line' id='line_1_35' title="bbox 1773 2626 1825 2670; baseline 0 0"><span class='ocrx_word' id='word_1_139' title='bbox 1773 2626 1825 2670; x_wconf 83' lang='grc'><strong>25</strong></span> 
     </span>
    </p>
   </div>
  </div>
 </body>
</html>
