1930 3060
825 134 856 197 i,
895 135 945 187 ii.
1625 147 1643 183 1
1656 147 1724 198 29

312 287 429 337 ergo
463 280 550 320 aut
585 271 755 320 adulta
788 270 963 319 vitium
1000 268 1272 333 propagine

450 355 573 403 altas
609 352 802 401 maritat
837 353 1065 416 populos,
1676 368 1725 398 10

311 444 399 485 aut
431 434 484 484 in
518 436 725 485 reducta
758 435 885 483 valle
920 432 1248 497 mugientium

448 526 731 581 prospectat
767 516 971 566 errantis
1006 525 1192 580 gregeS‚

315 599 564 650 inutilisve
589 600 725 670 ‘falce
759 615 923 649 ramos
959 595 1226 662 amputans

449 682 691 732 feliciores
726 680 911 740 inserit,

315 774 402 814 aut
435 781 606 828 pressa
640 763 774 828 puris
810 765 956 813 mella
992 761 1164 812 condit
1199 761 1465 825 amphoriS‚
1676 775 1724 819 15

451 856 538 896 aut
572 847 750 896 tondet
785 844 1002 894 infirmas
1039 844 1144 894 ovis
1162 863 1175 905 3
1437 861 1439 864 ⁴

315 931 396 980 vel
430 945 543 979 cum
579 930 816 979 decorum
854 925 1056 975 mitibus
1091 924 1253 990 pomis
1289 934 1440 988 caput

454 1015 736 1081 Autumnus
771 1009 897 1074 agris
933 1008 1119 1067 extulit,

319 1103 374 1144 ut
406 1093 590 1158 gaudet
624 1090 820 1141 insitiva
854 1093 1129 1154 decerpens
1164 1089 1283 1154 pira,

453 1185 725 1226 certantem
764 1183 813 1224 et
847 1190 996 1222 uvam
1032 1188 1291 1236 purpurae,
1675 1189 1729 1219 20

321 1273 422 1322 qua
455 1267 739 1306 muneretur
773 1264 837 1315 te,
877 1255 1069 1318 Priape,
1109 1263 1158 1303 et
1193 1263 1257 1314 te,
1295 1240 1450 1317 pater*

457 1339 666 1397 Silvane,
705 1347 837 1387 tutor
872 1337 1056 1385 finium.

324 1421 446 1471 libet
481 1420 640 1470 iacere
675 1421 830 1469 modo
866 1421 959 1468 sub
994 1417 1197 1482 antiqua
1231 1417 1358 1477 ilice,

459 1504 612 1553 modo
646 1503 696 1551 in
733 1501 894 1551 tenaci
927 1501 1175 1564 gramine:

326 1587 558 1635 labuntur
590 1583 700 1633 altis
736 1583 929 1633 interim
966 1583 1082 1647 ripis
1117 1600 1291 1646 aquae,
1679 1598 1729 1642 25

462 1675 732 1730 queruntur
766 1668 814 1713 in
852 1665 986 1714 silvis
1019 1682 1150 1725 aves,

329 1750 593 1812 fontesque
629 1746 840 1811 lymphis
876 1750 1170 1811 obstrepunt
1207 1745 1536 1805 manantibus,

318 1815 403 1895 s
462 1845 667 1888 somnos
701 1830 837 1892 quod
874 1828 1046 1878 invitet
1080 1827 1214 1878 levis.

326 1921 380 1961 at
413 1928 528 1960 cum
565 1910 784 1960 tonantis
819 1926 979 1959 annus
1015 1910 1246 1960 hibernus
1284 1909 1418 1959 Iovis

465 1992 645 2042 imbres
680 1991 920 2055 nivesque
956 2001 1225 2056 comparat,
1683 2009 1736 2051 30

327 2083 412 2124 aut
446 2073 598 2124 trudit
633 2073 756 2124 acris
791 2074 908 2123 hinc
944 2083 993 2123 et
1028 2074 1147 2123 hinc
1184 2076 1338 2124 multa
1373 2091 1498 2124 cane

462 2171 609 2220 apros
645 2155 696 2204 in
732 2155 975 2206 obstantis
1010 2157 1196 2220 plagaS‚

329 2245 415 2286 aut
449 2238 601 2287 amite
636 2236 731 2287 levi
767 2254 875 2286 rara
910 2238 1070 2287 tendit
1105 2237 1229 2288 retia

465 2317 622 2368 turdis
656 2319 896 2369 edacibus
931 2321 1091 2380 (10105,

330 2399 664 2464 pavidumque
689 2402 909 2465 leporem
935 2409 985 2450 et
1009 2401 1256 2451 advenam
1282 2403 1464 2465 laqueo
1487 2417 1655 2465 gruem
1687 2416 1736 2461 35

467 2480 687 2531 iucunda
721 2491 886 2546 captat
922 2484 1155 2546 praemia.

149 2686 201 2720 ΙΙ.
235 2691 295 2730 ¹3.
352 2679 445 2719 The
464 2685 550 2719 text
569 2678 604 2719 is
627 2679 848 2731 Benssey’s,
874 2678 935 2718 sor
956 2679 1206 2731 inutilesque
1224 2679 1272 2718 os
1288 2679 1358 2719 the
1380 2689 1476 2719 MSS.

150 2756 216 2796 ²3.
274 2747 403 2800 Many
422 2747 519 2787 edd.
542 2746 676 2800 prefer
695 2747 801 2786 n'vis
821 2746 900 2798 (sor
920 2747 1037 2799 ripis)
1061 2747 1159 2787 with
1182 2759 1296 2787 some
1318 2757 1413 2788 MSS.

150 2822 216 2865 ⁸27.
275 2811 403 2856 Some
421 2814 535 2860 edd..
555 2813 777 2867 sorsontes,
798 2814 895 2855 read
901 2813 1090 2868 frondes,
1107 2827 1132 2854 a
1151 2815 1385 2868 conjecture
1404 2815 1452 2855 of
1469 2813 1742 2862 Markland's,

72 2876 253 2924 “ded
270 2894 327 2924 on
346 2883 472 2938 Ptop.
495 2892 538 2923 ν.
565 2899 602 2935 ⁴·
629 2898 655 2936 4
675 2881 887 2941 multaque
904 2884 1058 2928 nativis
1075 2883 1263 2940 obstrepit
1280 2883 1404 2926 arbor
1417 2884 1550 2938 aquic.

205 2981 332 3021 au.
1580 2988 1610 3034 9
