1930 3060
679 166 917 207 HORATI
957 167 1302 210 CARMINUM

420 285 613 348 insigne
650 288 849 337 maestis
887 288 1184 352 praesidium
1221 289 1315 375 reis

420 376 469 416 et
506 369 799 429 consulenti,
838 371 1010 428 Pollio,
1050 369 1226 429 curiae,

488 448 566 496 cui
603 450 763 498 laurus
800 460 1026 502 aeternos
1061 451 1275 499 honores

557 531 839 579 Delmatico
874 531 1064 593 peperit
1100 531 1362 593 triumpho.

421 681 516 730 iarn
555 697 689 732 nunc
725 681 904 731 minaci
940 699 1187 733 murmure
1222 700 1464 733 cornuum

420 762 705 826 perstringis
739 764 879 823 auris,
917 764 1015 812 iam
1050 764 1172 831 litui¹
1193 774 1432 828 strepunt,

487 843 585 892 iarn
620 845 780 907 fulgor
814 833 1060 894 armorum
1094 846 1283 913 fugacis

556 934 702 974 terret
737 941 891 987 equos
929 926 1253 990 equitumque
1285 929 1464 976 vultus·

420 1068 590 1118 audire
627 1086 832 1142 magnos
867 1069 964 1119 iam
1000 1071 1172 1121 videor
1206 1073 1357 1123 duces
1403 1138 1409 1143 ¹

423 1166 526 1198 non
561 1149 795 1199 indecoro
831 1153 1030 1214 pulvere
1068 1153 1309 1212 sordidos,

490 1241 539 1280 et
575 1241 755 1280 cuncta
791 1242 1023 1282 terrarum
1062 1235 1266 1284 subacta

558 1322 750 1376 praeter
785 1309 1009 1365 atrocem*
1037 1310 1258 1364 animum
1296 1315 1512 1366 Catonis.

426 1462 554 1509 Iuno
590 1470 639 1509 et
675 1462 880 1509 deorum
917 1462 1138 1534 quisquis
1174 1461 1379 1534 amicior

425 1541 554 1591 Afris
590 1541 746 1591 inulta
779 1552 990 1592 cesserat
1025 1543 1273 1610 impotens

489 1626 675 1682 tellure,
713 1614 954 1673 victorurn
992 1612 1200 1688 nepotes

556 1705 743 1754 rettulit
779 1705 974 1754 inferias
1011 1707 1291 1769 Iugurthae.

423 1843 532 1906 quis
567 1859 668 1892 non
706 1843 884 1893 Latino
921 1844 1157 1907 sanguine
1193 1843 1422 1908 pinguior

422 1941 625 1987 campus
662 1924 896 1988 sepulcris
929 1925 1081 1988 impia
1116 1926 1302 1988 proelia

490 2015 695 2055 testatur
728 2005 1051 2070 auditumque
1089 2006 1254 2055 Medis
1306 2015 1312 2022 “

561 2086 835 2150 Hesperiae
871 2078 1086 2141 sonitum
1122 2087 1327 2136 ruinae?

399 2232 507 2295 'qui
541 2248 716 2295 gurges
751 2241 834 2281 aut
870 2249 997 2295 quae
1032 2232 1235 2282 flumina
1268 2231 1484 2310 lugubris

425 2313 591 2377 ignara
626 2313 781 2362 belli?
828 2315 962 2376 quod
1000 2331 1133 2363 mare
1172 2314 1400 2364 Dauniae

492 2410 595 2443 non
631 2395 977 2444 decoloravere
1011 2397 1228 2463 caedes?

559 2492 687 2538 quae
723 2484 856 2524 caret
891 2492 976 2524 ora
1012 2492 1182 2536 cruore
1219 2477 1424 2525 nostro?

426 2621 515 2670 sed
550 2637 612 2669 ne
647 2620 844 2680 relictis,
883 2622 1046 2680 Musa,
1083 2637 1268 2690 procax
1303 2621 1424 2669 iocis

427 2704 560 2751 Ceae
596 2710 828 2750 retractes
864 2717 1071 2750 munera
1105 2701 1298 2762 neniae,

493 2798 686 2830 mecum
726 2772 955 2831 Dionaeo
991 2784 1082 2831 sub
1117 2791 1259 2831 antro

561 2879 742 2926 quaere
776 2864 954 2912 modos
990 2862 1173 2913 leviore
1209 2865 1412 2927 plectro,

1703 437 1820 510 ‚1⁵

1770 945 1823 975 20

1772 1479 1824 1523 25

1768 1942 1824 1985 30

1773 2410 1826 2454 35

1773 2881 1829 2921 40
