1930 3060
587 122 702 162 LIB.
744 123 831 163 111.
870 111 1032 173 xxiii,
1069 113 1224 163 xxiv.

270 255 570 311 campestres
605 246 784 296 melius
819 247 1044 311 Scythae,

402 345 613 393 quorum
649 331 866 393 plaustra
901 345 1049 393 vagas
1084 328 1174 378 rite
1209 329 1411 378 trahunt
1447 330 1638 388 domos,

269 411 440 461 vivunt
475 421 523 461 et
557 411 699 475 rig-idi
737 413 912 471 Getae,

402 492 659 543 immetata
692 494 872 558 quibus
906 493 1074 559 iugera
1108 493 1285 543 liberas
1373 504 1376 505 ’

270 577 432 638 fruges
467 584 517 624 et
550 591 766 625 cererem
804 577 979 635 ferunt,

403 674 499 707 nec
532 659 723 707 cultura
757 659 921 721 placet
955 657 1151 723 longior
1183 674 1362 719 annua,

269 740 663 804 defunctumque
698 742 950 791 laboribus

404 822 599 886 aequali
633 832 822 872 recreat
856 833 987 872 sorte
1023 823 1245 872 vicarius.

270 903 371 954 illic
405 914 561 955 matre
595 906 876 955 carentibus

406 986 642 1052 privignis
675 989 851 1038 mulier
884 997 1129 1052 temperat
1163 988 1419 1050 innoeenS,

272 1084 366 1119 nec
400 1069 573 1119 dotata
605 1070 728 1135 regit
762 1071 921 1120 virum

406 1151 588 1202 coniux
621 1169 717 1201 nec
751 1152 913 1203 nitido
947 1155 1055 1204 fidit
1089 1155 1330 1204 adulterO.

269 1232 364 1283 dos
399 1242 472 1283 est
507 1250 688 1298 magna
723 1234 1000 1299 parentium
1063 1243 1066 1246 ’

408 1313 559 1364 virtus
594 1324 644 1364 et
678 1326 908 1367 metuens
943 1318 1141 1368 alterius
1177 1317 1264 1367 viri

275 1405 412 1446 certo
447 1397 647 1447 foedere
681 1398 892 1460 castitaS,

411 1487 462 1527 et
495 1494 703 1542 peccare
737 1482 875 1530 nefas
910 1491 996 1531 aut
1030 1482 1243 1546 pretium
1280 1491 1356 1533 est
1389 1482 1528 1534 mori.

277 1574 311 1608 o
344 1558 567 1623 quisquis
601 1561 735 1611 volet
769 1561 946 1626 impias

412 1641 594 1691 caedes
630 1652 679 1692 et
713 1644 900 1694 rabiem
935 1646 1108 1696 tollere
1143 1645 1368 1728 civicam,

278 1721 319 1771 si
354 1733 554 1786 quaeret
591 1726 760 1788 ‘pater
792 1726 1016 1776 urbium’

412 1805 654 1856 subscribi
689 1807 877 1869 statuis,
912 1808 1207 1861 indomitam
1242 1813 1426 1863 audeat

279 1885 521 1936 refrenare
557 1887 823 1951 licentiam,

410 1969 572 2019 clarus
607 1972 929 2037 postgenitis:
977 1986 1240 2039 quatenuS,
1277 1978 1374 2028 heu
1412 1981 1579 2029 nefas!

277 2049 507 2101 virtutem
541 2050 843 2105 incolumem
881 2056 1093 2117 odimuS,

410 2132 656 2184 sublatam
692 2153 753 2186 ex
788 2138 945 2188 oculis
980 2139 1261 2203 quaerimus
1297 2142 1466 2193 invidi.

277 2212 399 2278 quid
433 2214 594 2267 tristes
629 2217 983 2283 querimoniae,

413 2295 453 2346 si
489 2313 591 2347 non
627 2299 877 2364 supplicio
912 2303 1064 2367 culpa
1097 2305 1344 2366 reciditur,

276 2375 397 2440 quid
432 2378 567 2443 leges
600 2379 706 2431 sine
743 2382 960 2433 moribus

410 2476 567 2511 vanae
602 2463 882 2526 proficiunt,
920 2465 959 2516 si
996 2483 1160 2531 neque
1195 2470 1393 2521 fervidis

276 2555 389 2605 pars
423 2541 614 2592 inclusa
647 2545 894 2596 oeloribus

412 2624 586 2674 mundi
622 2642 715 2675 nec
753 2629 940 2679 Boreae
974 2630 1237 2682 finitimum
1276 2636 1402 2685 latus

277 2701 581 2769 durataeque
616 2710 723 2757 solo
760 2709 897 2760 nives

415 2799 733 2839 mercatorem
771 2791 993 2856 abigunt,
1032 2796 1226 2846 horrida
1264 2800 1426 2850 callidi

278 2864 480 2918 vincunt
514 2885 732 2934 aequora
765 2874 997 2925 navitae?

412 2965 644 3015 magnum
681 2955 940 3018 pauperies
977 2961 1299 3023 opprobrium
1337 2963 1474 3015 iubet

1699 350 1747 377 10

1701 757 1748 802 15

1698 1173 1752 1204 20

1700 1585 1750 1628 25

1702 2001 1754 2042 30

1703 2409 1753 2454 35

1702 2824 1756 2862 40
