1930 3060
711 100 826 141 Lm.
868 101 956 141 111.
996 89 1063 140 iv.
1663 89 1732 155 67

320 233 592 287 utcumque
628 239 827 272 mecum
861 239 952 272 vos
988 222 1135 282 eritis,
1173 221 1336 271 libens

318 305 651 355 insanientem
686 304 853 354 navita
889 305 1206 367 Bosphorum
1683 323 1737 365 30

313 382 322 390 '
385 376 646 450 temptabo
680 395 730 435 et
765 385 952 435 urentis
986 387 1196 434 harenas

431 467 607 518 .litoris
642 467 829 532 Assyrii
863 467 1049 517 viator:

316 570 472 622 visam
510 573 774 622 Britannos
809 570 1093 635 hospitibus
1128 571 1259 620 feros

318 663 370 703 et
403 656 588 703 laetum
608 653 810 718 'equino
845 652 1085 718 sanguine
1124 655 1437 721 Concanum,

384 734 540 784 visam
576 736 885 801 pharetratos
922 736 1147 786 Gelonos
1682 750 1733 795 35

451 827 503 867 et
538 818 824 881 Scythicum
861 818 1125 868 inviolatus
1162 834 1376 867 amnem.

316 937 406 970 vos
443 922 707 970 Caesarem
746 922 917 979 altum,
955 920 1129 969 militia
1166 920 1314 969 simul

316 988 472 1052 fessas
506 1003 738 1051 cohortes
773 1002 969 1051 addidit
1005 1001 1220 1066 oppidis,

383 1085 524 1135 finire
559 1093 879 1148 quaerentem
915 1085 1110 1137 labores

453 1165 615 1217 Pierio
651 1166 880 1216 recreatis
916 1176 1072 1216 antro.
1680 1187 1734 1226 40

315 1289 406 1322 vos
440 1274 554 1322 lene
589 1270 854 1321 consilium
892 1280 939 1320 et
977 1271 1105 1320 datis
1142 1279 1191 1320 et
1227 1271 1347 1320 dato

315 1346 556 1417 gaudetis,
593 1355 766 1403 almae.
843 1353 1022 1402 scimus
1058 1362 1112 1402 ut
1147 1352 1328 1416 impios

383 1435 590 1485 Titanas
623 1435 993 1499 immanemque
1030 1436 1225 1484 turbam

451 1517 658 1568 fulmine
694 1518 941 1567 sustulerit
977 1518 1186 1578 caduco,

317 1620 404 1685 qui
441 1630 618 1671 terram
653 1621 877 1680 inertem,
917 1621 1002 1683 qui
1039 1636 1176 1669 mare
1213 1630 1455 1684 temperat
1677 1638 1730 1680 45

317 1714 582 1753 ventosum
619 1712 669 1752 et
705 1705 851 1772 urbes
887 1719 1139 1766 regnaque
1179 1702 1336 1751 tristia

384 1785 628 1848 divosque
659 1785 977 1849 mortalisque
1016 1794 1199 1834 turmas

451 1865 661 1931 imperio
697 1866 820 1931 regit
854 1884 983 1916 unus
1018 1884 1195 1931 aequo.

317 1987 551 2035 magnum
587 1971 671 2032 illa
706 1981 941 2021 terrorem
976 1970 1208 2022 intulerat
1245 1970 1355 2020 Iovi

314 2054 475 2103 fidens
508 2052 736 2110 iuventus
771 2053 969 2103 horrida
1004 2053 1257 2112 bracchiis,
1679 2070 1732 2114 50

384 2135 655 2203 fratresque
691 2136 953 2186 tendentes
989 2152 1151 2199 opaco

455 2217 630 2267 Pelion
666 2217 963 2281 imposuisse
999 2219 1234 2282 Olympo.

318 2320 408 2369 sed
442 2318 564 2382 quid
600 2320 870 2384 Typhoeus
907 2330 956 2370 et
991 2319 1184 2370 validus
1222 2320 1423 2379 MimaS‚

318 2410 404 2450 aut
438 2400 560 2463 quid
597 2400 778 2450 minaci
817 2402 1125 2466 Porphyrion
1162 2412 1306 2462 statu,

386 2482 508 2546 quid
544 2483 774 2533 Rhoetus
809 2483 1088 2547 evulsisque
1124 2484 1308 2533 truncis
1679 2503 1728 2547 55

458 2565 739 2613 Enceladus
776 2566 1013 2615 iaculator
1046 2567 1208 2615 audax

139 2693 205 2747 28·
254 2694 411 2738 affluit
438 2698 520 2738 and
550 2697 709 2737 addidit
738 2711 807 2737 are
837 2699 965 2738 about
996 2699 1161 2752 equally
1192 2700 1284 2740 well
1314 2702 1542 2754 supported
1573 2702 1628 2754 by
1658 2702 1728 2742 the

62 2764 388 2872 :tumn
425 2767 461 2807 is
499 2766 626 2807 found
667 2766 709 2806 in
749 2779 830 2807 one
868 2780 916 2806 or
952 2774 1037 2807 two
1076 2768 1158 2807 and
1199 2769 1231 2807 is
1270 2769 1426 2823 largely
1455 2771 1638 2823 adopted
1675 2770 1723 2822 by

1462 2940 1592 2991 5--2
