1930 3060
602 124 716 165 LlB.
755 124 816 164 11.
856 112 1166 164 xvii—xix.
1660 120 1728 176 57

315 248 439 314 quid
474 250 612 313 quod
647 264 804 312 usque
839 248 1092 311 proximos

450 330 643 380 revellis
678 331 781 394 agri
817 330 1054 379 terminos
1090 339 1139 379 et
1175 330 1300 377 ultra

316 413 497 464 limites
532 412 787 463 clientium
1679 428 1728 472 25

451 495 565 545 salis
600 496 813 545 avarus?
859 493 1057 558 pellitur
1091 502 1322 557 paternos

316 578 367 627 in
404 578 515 627 sinu
550 579 711 627 ferens
747 578 870 627 deos

453 670 502 710 et
538 662 662 709 ux'or
697 669 747 709 et
782 658 855 708 vir
891 657 1219 722 sordidosque
1254 668 1411 708 natos.

316 744 454 791 nulla
488 742 667 792 certior
702 751 870 790 tamen
1080 744 1083 746 ’

452 823 642 887 rapacis
680 824 796 873 Orci
834 825 932 872 fine
967 822 1214 871 destinata
1424 852 1425 855 =
1680 840 1732 881 30

315 907 429 956 aula
464 905 669 955 divitem
707 915 873 954 manet

453 1004 604 1036 erum.
677 986 796 1051 quid
833 988 959 1035 ultra
994 985 1197 1035 tendis?
1242 1002 1402 1048 aequa
1437 986 1581 1035 tellus

317 1069 524 1134 pauperi
558 1068 831 1119 recluditur
1846 1117 1849 1125 ,

452 1167 723 1217 regumque
758 1151 939 1221 pueris,
978 1167 1073 1200 nec
1109 1152 1304 1200 satelles
1342 1150 1460 1202 Orci
1595 1139 1845 1206 aei-tssufss'*

317 1235 554 1284 callidum
590 1235 886 1284 Pr0methea
1452 1243 1455 1246 ’
1680 1254 1729 1297 35

452 1317 639 1373 revexit
673 1333 792 1366 auro
827 1326 1030 1380 captus:
1078 1316 1161 1365 hic
1196 1318 1465 1380 superbum

318 1401 589 1458 Tantalum
623 1410 775 1463 atque
811 1399 1007 1447 Tantali

211 1504 277 1529 Α»
453 1498 613 1546 genus
647 1490 858 1541 coercet,
896 1480 979 1529 hic
1013 1482 1176 1531 levare
1211 1482 1437 1530 functum

320 1579 591 1628 pauperem
626 1562 879 1613 laboribus

454 1655 658 1696 vocatus
693 1656 844 1710 atque
880 1661 983 1695 non
1019 1655 1225 1695 vocatus
1260 1647 1413 1697 audit.
1677 1669 1734 1710 40

817 1794 960 1840 XIX.

321 1909 574 1959 Bacchum
608 1907 660 1957 in
696 1908 898 1958 remotis
933 1908 1153 1958 carmina
1187 1909 1393 1973 rupibus

319 1990 421 2041 vidi
456 1990 738 2051 docentem,
777 1990 963 2041 credite
998 1991 1197 2055 posteri,

391 2061 748 2137 Nymphasque
783 2073 1019 2123 discentis
1055 2083 1104 2123 et
1139 2075 1268 2124 auris

456 2154 779 2219 capripedum
815 2157 1096 2220 Satyrorum
1132 2166 1316 2207 acutas.

320 2253 498 2311 euhoe,
535 2251 719 2302 recenti
755 2269 896 2302 mens
932 2251 1146 2316 trepidat
1181 2263 1317 2303 metu
1707 2272 1730 2317 5

321 2334 573 2398 plenoque
610 2333 791 2383 Bacchi
826 2343 1027 2397 pectore
1064 2335 1315 2385 turbidum

387 2416 625 2465 laetatur:
673 2416 849 2475 euhoe,
887 2432 1033 2479 parce
1071 2417 1234 2476 Liber,

456 2513 604 2561 parce
639 2498 771 2560 gravi
808 2499 1076 2548 metuende
1111 2500 1307 2564 thyrso!

138 2617 275 2650 xvm.
297 2622 361 2661 30.
418 2608 598 2658 Servius,
624 2609 693 2648 the
712 2614 1016 2650 commentator
1034 2624 1088 2651 on
1112 2611 1269 2664 Vergil,
1292 2625 1425 2654 seems
1445 2619 1489 2654 to
1508 2614 1613 2655 have
1635 2615 1732 2655 read

59 2673 331 2729 udorfinm
350 2676 415 2716 sor
432 2676 485 2716 he
504 2683 651 2729 quotes
679 2676 762 2717 this
787 2677 870 2717 line
899 2675 970 2729 (on
1002 2680 1105 2719 Aen.
1134 2689 1195 2719 vl.
1222 2683 1313 2733 152)
1337 2682 1437 2722 with
1467 2683 1538 2723 the
1568 2683 1731 2736 preface

59 2739 282 2794 mltum
299 2742 404 2783 sedes
420 2750 604 2783 vocatur.
665 2744 745 2785 His
763 2745 1003 2797 quotations
1023 2760 1093 2786 are
1114 2747 1227 2787 often
1248 2750 1482 2790 inaccurate
1508 2751 1587 2790 and
1618 2752 1731 2791 there

60 2803 100 2847 b
118 2818 176 2848 no
196 2809 403 2863 authority
424 2810 486 2851 for
509 2811 595 2852 sede
623 2813 664 2852 in
693 2813 763 2852 the
792 2822 887 2853 mss.
910 2813 957 2853 os
986 2814 1089 2855 nor.
1158 2816 1274 2856 Even
1304 2818 1346 2857 in
1374 2817 1542 2858 Servius
1568 2818 1738 2859 himself

62 2880 171 2918 m
187 2883 285 2919 8⁸.
305 2881 401 2920 md
410 2879 516 2932 fine.
