1930 3060
634 117 747 158 Lm.
788 118 849 157 11.
889 105 976 166 vii,
1016 103 1124 156 viii.

803 385 954 433 VIII.

307 553 430 602 Ulla
462 550 503 601 si
537 551 654 600 iuris
690 549 780 600 tibi
814 549 1018 614 peierati

307 649 487 698 poena,
524 632 717 693 Barine,
755 632 1007 697 nocuisset
1042 647 1297 694 umquam,

309 716 461 765 dente
496 713 537 762 si
572 712 713 778 nigro
748 714 889 762 fieres
923 713 1003 762 vel
1038 728 1141 762 uno

445 793 632 857 turpior
665 792 835 857 ungui,

306 966 589 1015 crederem:
637 965 726 1014 sed
762 974 815 1013 tu
852 963 1000 1013 simul
1036 965 1266 1028 obligasti

306 1048 551 1111 perfidum
585 1046 713 1097 votis
749 1056 913 1110 caput,
954 1045 1185 1096 enitescis

306 1128 556 1193 pulchrior
591 1130 751 1178 multo
787 1129 1125 1192 iuvenumque
1159 1127 1327 1192 prodis

442 1210 644 1275 publica
679 1227 809 1260 cura.

308 1378 508 1443 expedit
545 1379 715 1428 matris
753 1380 942 1428 cineres
979 1389 1181 1442 opertos

308 1462 475 1510 fallere
512 1470 563 1510 et
598 1470 705 1509 toto
743 1461 986 1510 taciturna
1021 1461 1182 1511 noctis

239 1546 242 1549 '
309 1539 452 1603 signa
485 1556 601 1588 cum
637 1542 778 1588 caelo
813 1539 1076 1604 gelidaque
1112 1541 1254 1590 divos

447 1630 606 1670 morte
642 1621 866 1670 carentis.

307 1791 435 1841 ridet
470 1794 581 1854 hoc,
619 1791 839 1855 inquam,
878 1794 1050 1841 Venus
1087 1791 1206 1855 ipsa,
1245 1791 1409 1841 rident

311 1871 560 1936 simplices
598 1873 877 1936 Nymphae,
915 1873 1044 1922 ferus
1081 1883 1130 1922 et
1167 1872 1383 1936 Cupido,

308 1970 506 2018 semper
540 1954 758 2004 ardentis
794 1970 980 2005 acuens
1017 1953 1218 2019 sagittas

443 2043 558 2084 cote
592 2043 808 2084 cruenta.

308 2203 441 2253 adde
476 2203 613 2267 quod
649 2204 810 2267 pubes
846 2202 935 2252 tibi
972 2203 1148 2253 crescit
1184 2202 1361 2263 omniS,

309 2282 516 2333 servitus
550 2283 725 2334 crescit
761 2301 905 2345 nova,
945 2300 1039 2334 nec
1074 2284 1260 2348 priores

308 2364 494 2428 impiae
528 2374 715 2414 tectum
750 2365 985 2416 dominae
1019 2367 1316 2431 relinquunt,

444 2461 595 2509 saepe
630 2446 819 2495 minati.

307 2625 359 2665 te
394 2615 496 2665 suis
533 2626 712 2665 matres
749 2625 976 2666 metuunt
1014 2617 1249 2678 iuvenciS‚

308 2708 359 2746 te
394 2713 539 2746 senes
574 2697 723 2760 parci,
762 2697 1069 2763 miseraeque
1106 2716 1264 2763 nuper

309 2775 522 2841 virgines
558 2787 756 2840 nuptae,
796 2787 879 2827 tua
914 2795 978 2829 ne
1012 2782 1225 2830 retardet

441 2874 559 2924 aura
594 2858 807 2909 maritos,

1651 110 1718 164 45

1677 1481 1727 1511 10

1679 1973 1724 2016 ¹5

1675 2468 1727 2498 20
