1930 3060
202 128 301 166 100
720 126 955 166 HORATI
996 127 1338 168 CARMINUM

395 249 618 297 Albanos
653 265 810 312 prope
845 260 894 298 te
930 251 1064 298 lacus

529 340 683 393 ponet
719 346 1046 378 marmoream
1083 332 1175 380 sub
1210 332 1348 379 trabe
1385 329 1546 379 citrea.
1811 350 1864 379 20

395 411 495 459 illic
530 411 740 474 plurima
776 403 975 460 naribus

531 493 683 540 duces
719 501 840 552 tura,
879 493 1109 554 lyraeque
1146 502 1194 541 et
1231 492 1550 556 Berecyntiae

397 574 707 623 delectabere
743 573 892 621 tibiae

530 654 696 703 mixtis
732 653 1031 703 carminibus
1067 670 1171 703 non
1207 655 1312 704 sine
1349 656 1539 715 fistula3

395 736 496 785 illic
531 736 607 786 bis
641 735 780 799 pueri
815 735 898 784 die
1814 754 1862 797 25

532 834 717 867 numen
753 834 868 865 cum
905 817 1085 867 teneris
1121 817 1389 881 virginibus
1424 827 1563 866 tuum

397 901 655 949 laudantes
691 900 819 962 pede
855 899 1072 948 candido

530 981 582 1029 in
618 996 808 1030 morem
843 980 1027 1030 Salium
1064 990 1136 1029 ter
1170 981 1393 1044 quatient
1427 982 1647 1030 humum.

396 1078 477 1110 me
513 1078 606 1110 nec
639 1061 823 1111 femina
857 1077 952 1110 nec
987 1078 1108 1124 puer

531 1142 629 1190 iam
667 1159 760 1191 nec
798 1159 910 1205 spes
946 1141 1098 1190 animi
1133 1143 1335 1192 credula
1370 1143 1526 1192 mutui
1814 1162 1868 1203 30

397 1240 490 1272 nec
525 1231 713 1271 certare
746 1222 881 1271 iuvat
916 1239 1054 1272 mero

531 1321 625 1353 nec
659 1304 842 1353 vincire
879 1305 1020 1353 novis
1058 1315 1282 1367 tempora
1315 1306 1527 1354 floribus.

397 1387 486 1435 sed
522 1403 607 1434 cur
642 1387 751 1444 heu,
791 1385 1038 1449 Ligurine,
1074 1402 1162 1435 cur

532 1476 701 1516 manat
735 1483 841 1515 rara
876 1484 1011 1516 meas
1047 1467 1249 1516 lacrima
1283 1485 1372 1531 per
1405 1471 1592 1532 genas?

398 1566 483 1597 cur
518 1549 733 1598 facunda
767 1565 942 1611 parum
979 1549 1164 1598 decoro
1815 1569 1864 1612 35

531 1629 658 1679 inter
691 1631 842 1679 verba
877 1630 1010 1679 cadit
1046 1631 1213 1693 lingua
1247 1631 1482 1681 silentio?

399 1711 652 1760 nocturnis
689 1727 781 1774 ego
818 1711 1020 1760 somniis

530 1792 629 1840 iarn
665 1802 866 1854 captum
904 1802 1065 1852 teneo,
1102 1793 1201 1841 iam
1235 1795 1486 1843 volucrem
1522 1810 1700 1857 sequor

398 1882 447 1922 te
482 1889 570 1936 per
602 1874 824 1936 gramina
862 1874 1030 1923 Martii

532 1955 710 2017 campi,
748 1964 796 2004 te
830 1971 921 2018 per
954 1972 1123 2019 aquas,
1161 1957 1297 2016 dure,
1334 1955 1573 2005 volubilis.
1813 1978 1868 2017 40

992 2145 1060 2193 ΙΙ.

467 2262 735 2312 Pindarum
773 2261 997 2324 quisquis
1033 2262 1200 2310 studet
1235 2260 1482 2322 aemulari,

469 2346 608 2404 Iulle‚
647 2344 820 2392 ceratis
858 2359 955 2406 ope
993 2343 1251 2391 Daedalea

465 2424 632 2474 nititur
667 2424 845 2488 pinnis,
884 2423 1038 2473 vitreo
1073 2424 1275 2472 daturus

601 2505 806 2555 nomina
841 2514 1011 2567 ponto.

281 2653 310 2681 1.
341 2655 404 2689 22,
437 2655 502 2692 23.
563 2641 689 2682 Some
715 2641 809 2680 edd.
840 2640 938 2680 read
968 2639 1575 2692 lyra—Berecynthia—-tibia;
1614 2641 1689 2680 but
1718 2641 1866 2680 almost

198 2710 253 2748 all
283 2719 379 2748 MSS.
414 2722 482 2748 are
512 2708 672 2760 against
703 2707 829 2747 them.

282 2788 332 2816 n.
362 2791 397 2817 α.
459 2777 550 2817 The
580 2786 676 2816 MSS.
706 2776 811 2816 have
841 2777 950 2816 Iulle
975 2789 1023 2816 or
1051 2777 1156 2816 Iule.
1215 2777 1346 2827 Many
1370 2776 1465 2815 edd.
1496 2775 1702 2828 believing
1730 2776 1867 2815 Iullus

202 2843 264 2896 (or
283 2846 421 2894 Iulus)
441 2846 653 2884 Antonius
673 2851 716 2884 to
736 2845 788 2884 be
808 2858 862 2883 an
880 2844 1123 2897 impossible
1143 2856 1278 2892 name,
1301 2843 1399 2882 read
1419 2843 1500 2889 ille,
1520 2856 1546 2882 a
1564 2842 1797 2895 conjecture
1824 2842 1872 2882 of
