1930 3060
179 136 277 187 106
692 144 931 186 HORATI
970 145 1316 188 CARMINUM

374 262 595 326 dixitque
632 265 832 313 tandem
869 265 1087 328 perfidus
1124 266 1412 317 Hannibal:

376 342 548 402 ‘cervi‚
586 345 813 406 luporum
835 345 1032 406 praeda
1066 344 1334 407 rapacium,
1788 364 1838 407 50

442 431 687 470 sectamur
720 424 861 481 ultro,
901 439 1026 485 quos
1062 423 1258 486 opimus

507 505 671 551 fallere
706 513 755 551 et
791 505 1003 566 effugere
1040 514 1112 552 est
1148 502 1437 566 triumphus.

373 627 507 674 gens,
546 628 673 673 quae
709 622 924 660 cremato
958 611 1094 660 fortis
1129 614 1194 661 ab
1232 612 1327 661 Ilio

374 691 553 740 iactata
588 692 765 741 Tuscis
802 693 1098 755 aequoribus
1135 709 1272 741 sacra

444 783 688 836 natosque
723 784 1041 836 maturosque
1077 783 1239 836 patres
1788 791 1838 836 55

509 855 708 916 pertulit
746 855 991 904 Ausonias
1027 856 1092 904 ad
1126 857 1286 915 urbeS,

377 962 510 1012 duris
545 971 600 1011 ut
634 962 730 1011 ilex
766 972 910 1012 tonsa
946 962 1245 1025 bipennibus

376 1043 540 1107 nigrae
574 1042 721 1092 feraci
756 1043 944 1092 frondis
979 1043 1030 1091 in
1066 1045 1262 1106 Algido,

443 1142 529 1188 per
565 1127 761 1184 damna,
799 1142 887 1188 per
922 1127 1115 1184 caedes,
1152 1128 1216 1174 ab
1252 1126 1362 1188 ipso

511 1206 648 1255 ducit
683 1222 805 1269 opes
841 1206 1158 1269 animumque
1194 1208 1333 1257 ferro.
1788 1214 1842 1254 60

377 1331 479 1364 non
515 1316 669 1377 hydra
705 1323 841 1363 secto
878 1330 1085 1377 corpore
1119 1314 1304 1363 firmior

378 1396 508 1446 vinci
542 1397 796 1445 dolentem
833 1395 983 1445 crevit
1017 1395 1068 1443 in
1108 1397 1394 1455 Herculem,

445 1486 781 1525 monstrumve
817 1475 1085 1524 submisere
1121 1474 1298 1526 Colchi

513 1557 668 1605 maius
705 1556 1036 1605 Echioniaeve
1072 1558 1290 1606 Thebae.

381 1683 563 1716 merses
599 1667 876 1729 profundo:
924 1665 1173 1728 pulchrior
1206 1666 1403 1723 exsilit,·
1791 1672 1842 1723 65

379 1748 595 1795 luctere:
642 1747 796 1793 multa
830 1754 1030 1807 proruet
1065 1745 1305 1808 integrum
1357 1768 1366 1779 ·

447 1843 561 1875 cum
597 1827 744 1875 laude
779 1827 1015 1875 victorem
1050 1835 1286 1890 geretque

514 1908 701 1971 proelia
735 1906 1028 1970 coniugibus
1064 1908 1327 1968 loquenda.

381 2018 664 2082 Carthagini
701 2018 798 2066 iarn
835 2033 938 2066 non
975 2033 1068 2080 ego
1103 2017 1302 2065 nuntios

382 2101 574 2149 mittam
611 2101 878 2163 superbos:
929 2097 1125 2156 occidit,
1163 2096 1346 2146 occidit
1791 2110 1846 2154 70

450 2198 563 2244 spes
599 2179 759 2230 omnis
795 2188 844 2229 et
878 2181 1072 2228 fortuna
1106 2178 1260 2227 nostri

515 2262 730 2312 nominis
767 2261 1084 2310 Hasdrubale
1119 2259 1443 2322 interempto-⁹

383 2369 453 2418 nil
489 2370 727 2419 Claudiae
762 2385 864 2417 non
899 2369 1155 2431 perficient
1188 2383 1376 2425 manus,

383 2467 503 2514 quas
539 2459 589 2499 et
624 2449 839 2512 benigno
876 2449 1079 2497 numine
1117 2446 1338 2511 Iuppiter

450 2529 669 2579 defendit
703 2538 753 2577 et
788 2544 932 2576 curae
967 2543 1167 2590 sagaces
1792 2539 1842 2583 75

520 2608 788 2671 expediunt
823 2624 912 2670 per
946 2615 1093 2656 acuta
1126 2606 1254 2655 belli.

263 2779 330 2830 65.
388 2779 501 2819 Most
531 2788 626 2818 Mss.
660 2779 764 2818 have
793 2778 951 2818 evenit:
978 2784 1062 2818 two
1090 2777 1188 2829 only
1214 2777 1330 2816 exiet.
1386 2775 1479 2814 The
1509 2773 1680 2825 reading
1707 2773 1847 2813 exsilit

187 2847 248 2900 (or
265 2845 398 2899 exilit)
419 2845 454 2886 is
471 2846 577 2886 from
599 2846 778 2886 Rutilius
798 2845 1089 2891 Numatianus,
1110 2858 1135 2884 a
1153 2850 1250 2897 poet
1270 2844 1319 2883 of
1331 2843 1402 2883 the
1423 2842 1494 2893 5th
1512 2851 1618 2881 cent.
