1930 3060
790 104 973 158 v—ix.
1614 115 1711 171 137

812 304 932 352 VII.

303 437 436 498 Quo,
472 450 575 499 quo
614 432 811 483 scelesti
847 432 984 481 ruitis
1018 441 1105 481 aut
1139 448 1226 480 cur
1262 431 1478 481 dexteris

437 526 667 582 aptantur
701 532 843 566 enses
880 513 1106 564 conditi?

303 615 544 663 parumne
578 597 770 662 campis
805 608 958 661 atque
997 598 1239 659 Neptuno
1274 612 1421 660 super

437 683 601 730 fusum
636 690 712 732 est
750 679 917 729 Latini
949 676 1238 742 sanguinis?

304 780 407 813 non
443 773 498 812 ut
534 760 773 827 superbas
808 760 1007 812 invidae
1043 750 1357 824 Carthaginis
1689 778 1713 823 5

441 847 703 895 Romanus
738 860 875 894 arces
909 852 1084 902 ureret,

303 928 516 976 intactus
550 936 636 976 aut
671 925 936 975 Britannus
971 934 1027 973 ut
1063 925 1390 974 descenderet

438 1025 575 1058 sacra
610 1017 868 1058 catenatus
903 1008 998 1068 via,

303 1091 393 1141 sed
426 1100 482 1140 ut
517 1091 792 1140 secundum
827 1100 945 1140 vota
980 1090 1271 1138 Parthorum
1308 1105 1398 1137 sua

438 1174 555 1222 urbs
590 1174 713 1223 haec
748 1172 930 1237 periret
966 1172 1181 1222 dextera.
1667 1191 1716 1220 10

304 1270 468 1318 neque
502 1254 585 1304 hic
619 1254 749 1319 lupis
785 1272 895 1305 mos
931 1271 1025 1304 nec
1060 1254 1150 1304 fuit
1185 1254 1453 1315 leonibus‚'

441 1353 715 1400 numquam
752 1337 846 1386 nisi
882 1338 934 1386 in
969 1336 1138 1400 dispar
1173 1337 1299 1387 feris.

306 1421 504 1469 furorne
538 1436 716 1469 caecus
752 1436 816 1469 an
851 1419 977 1483 rapit
1012 1417 1085 1467 vis
1123 1419 1281 1469 acrior

441 1518 504 1550 an
541 1503 728 1565 culpa?
773 1517 1065 1565 responsum
1101 1502 1247 1552 date!

308 1593 491 1643 tacent,
528 1593 578 1633 et
613 1599 700 1633 ora
734 1585 893 1648 pallor
926 1586 1069 1634 albus
1105 1583 1273 1645 inficit,
1667 1602 1714 1647 15

444 1675 738 1730 mentesque
772 1668 1028 1731 perculsae
1063 1676 1277 1731 stupent.
1337 1666 1363 1675 “

307 1745 380 1798 sic
413 1759 516 1798 est:
563 1749 742 1798 acerba
775 1749 876 1799 fata
912 1751 1170 1800 Romanos
1205 1759 1360 1815 agunt

441 1831 699 1893 scelusque
735 1832 974 1881 fraternae
1010 1831 1160 1893 necis,

306 1921 360 1961 ut
395 1911 698 1961 immerentis
735 1912 872 1962 fluxit
906 1915 957 1962 in
995 1924 1173 1964 terram
1210 1915 1359 1965 Remi

439 2009 575 2042 sacer
610 1995 879 2057 nepotibus
916 2013 1070 2045 cruor.
1661 2016 1716 2046 20

828 2198 916 2247 IX.

235 2325 456 2389 Quando
490 2338 745 2393 repostum
784 2331 1077 2380 Caecubum
1112 2333 1178 2382 ad
1214 2332 1362 2381 festas
1399 2333 1554 2397 dapes

372 2409 557 2460 victore
592 2412 750 2461 laetus
788 2413 1002 2463 Caesare

234 2498 402 2540 tecum
438 2495 532 2543 sub
567 2495 668 2543 alta
704 2493 796 2559 (sic
834 2494 943 2544 Iovi
978 2496 1195 2561 gratum)
1234 2497 1403 2557 dom0‚

370 2574 516 2624 beate
554 2577 835 2636 MaecenaS,
876 2578 1060 2638 bibam,

115 2724 199 2759 vu.
230 2729 294 2759 ιο.
351 2719 444 2761 The
480 2731 579 2762 uss.
610 2721 717 2764 bave
745 2737 949 2776 unquam.
998 2723 1102 2766 'The
1131 2725 1362 2767 correction
1391 2741 1611 2781 nunquam
1639 2742 1711 2783 ap·

35 2794 154 2837 pean
171 2784 259 2828 first
283 2787 327 2828 in
345 2787 419 2830 the
442 2789 602 2831 Venice
620 2791 715 2832 edn.
743 2792 792 2833 of
819 2805 934 2847 ¹490·
1000 2793 1040 2835 It
1067 2794 1101 2835 is
1129 2801 1202 2835 not
1228 2795 1463 2851 absolutely
1481 2810 1710 2850 necessary,

37 2848 110 2889 but
128 2851 162 2891 ἰι
178 2862 204 2890 a
219 2858 337 2905 great
356 2853 671 2908 improvement.
