1930 3060
0 702 7 728 -=
0 640 9 666 -ι
0 292 18 620 *ww-..v-
0 235 5 266 ⁷.
0 152 10 209 *·.<

666 131 780 174 Lm.
822 134 880 174 11.
924 121 1204 173 xiv—xvi.

869 312 980 360 XV.

363 416 473 463 Iam
509 430 671 478 pauca
705 423 867 463 aratro
902 413 1070 476 iugera
1104 410 1268 475 regiae

360 498 518 546 moles
553 496 851 559 relinquent,
888 495 1111 558 undique
1147 493 1294 542 latius

429 587 628 630 extenta
662 577 884 627 visentur
920 577 1134 626 Lucrino

496 662 669 724 stag'na
701 662 813 709 lacu
849 661 1182 723 platanusque
1219 658 1416 707 caelebs

362 766 557 815 evincet
591 766 782 813 ulmos:
831 773 935 813 tum
972 762 1173 813 violaria
1209 773 1257 812 et

362 856 548 911 myrtus
584 857 633 896 et
671 846 832 896 omnis
869 845 1017 909 copia
1052 844 1242 894 narium

429 939 658 993 spargent
695 928 888 978 olivetis
925 929 1132 977 odorem

496 1011 736 1061 fertilibus
773 1009 982 1059 domino
1019 1008 1183 1073 priori,

360 1125 467 1165 turn
503 1116 660 1181 spissa
694 1115 843 1165 ramis
880 1116 1046 1164 laurea
1081 1113 1295 1164 fervidos

361 1200 591 1249 excludet
626 1198 766 1260 ictus,
811 1214 914 1247 non
949 1197 1018 1246 ita
1055 1198 1262 1247 Romuli

426 1282 782 1345 praescriptum
818 1290 868 1330 et
904 1280 1090 1330 intonsi
1127 1278 1334 1330 Catonis

494 1362 727 1427 auspiciis
762 1371 1086 1425 veterumque
1122 1378 1309 1411 norma.

361 1468 581 1533 privatus
614 1468 712 1518 illis
747 1484 926 1518 census
964 1477 1066 1517 erat
1102 1466 1277 1524 brevis,

361 1567 629 1601 commune
664 1567 933 1615 magnum:
983 1550 1121 1598 nulla
1155 1548 1475 1612 decempedis

429 1642 617 1684 metata
650 1632 850 1697 privatis
887 1647 1097 1696 opacam

495 1714 714 1779 porticus
749 1714 1027 1778 excipiebat
1064 1715 1268 1774 Arcton,

363 1835 457 1869 nec
490 1819 746 1869 fortuitum
782 1834 1014 1883 spernere
1049 1816 1318 1880 caespitem

362 1902 495 1966 leges
531 1901 775 1961 sinebant,
813 1900 1002 1965 oppida
1035 1898 1239 1963 publico

430 1993 630 2047 sumptu
664 1983 892 2034 iubentes
928 1991 976 2032 et
1013 1982 1220 2031 deorum

496 2066 684 2129 templa
718 2081 853 2115 novo
888 2065 1123 2114 decorare
1159 2080 1289 2113 saxo.

866 2242 1005 2288 XVI.

363 2357 538 2408 Otium
572 2356 715 2407 divos
750 2366 888 2420 rogat
924 2357 974 2405 in
1011 2357 1198 2420 patenti

274 2423 298 2450 ³⁸
362 2455 570 2504 prensus
605 2442 820 2502 Aegae0‚
860 2437 1007 2488 simul
1044 2449 1147 2489 atra
1185 2441 1342 2490 nubes

362 2520 587 2571 condidit
621 2521 790 2569 lunam
828 2537 991 2584 neque
1027 2530 1160 2572 certa
1197 2524 1385 2587 fulgent

498 2602 657 2652 sidera
694 2602 886 2661 nautis;

362 2705 518 2754 otium
557 2705 689 2753 bello
724 2706 926 2790 furiosa*
927 2708 990 2796 512
988 2707 1147 2764 hrace

363 2786 519 2836 otium
560 2785 698 2835 Medi
733 2757 958 2850 filiaretra
996 2788 1178 2848 decori,

363 2867 607 2931 Grosphe,
647 2884 749 2918 non
783 2868 991 2933 gemmis
1027 2887 1190 2934 neque
1227 2888 1438 2935 purpura
1475 2890 1550 2920 ve-

501 2950 610 2999 nale
647 2965 808 3013 neque
844 2966 975 3001 auro.

1710 129 1773 182 53

1731 1214 1779 1243 10

1730 1648 1776 1690 15

1725 2081 1777 2110 20
