1930 3060
190 109 288 160 114

286 2653 350 2684 lx.
374 2656 435 2695 31·
497 2642 589 2681 The
611 2651 706 2681 uss.
729 2653 798 2680 are
818 2638 987 2679 divided
1006 2638 1196 2678 between
1215 2638 1331 2677 sileri
1345 2638 1428 2678 and
1447 2636 1575 2678 silebo.

712 100 949 141 HORATI
988 98 1332 141 CARMINUM

382 226 584 288 paulum
620 224 843 286 sepultae
880 222 1030 271 distat
1065 219 1268 270 inertiae

382 308 543 356 celata
580 304 740 352 virtus.
767 357 781 368 x
815 320 917 351 non
953 320 1046 367 ego
1083 312 1130 351 te
1166 301 1291 349 meis

451 385 630 435 chartis
668 385 946 433 inornatum
985 383 1142 433 silebo

518 476 651 516 totve
687 474 799 515 tuos
834 464 992 527 patiar
1026 466 1218 513 labores

386 626 601 688 impune,
642 622 782 684 Lolli,
820 638 1019 686 carpere
1054 620 1229 670 lividas

387 706 674 756 obliviones,
748 713 821 753 est
857 703 1049 752 animus
1085 701 1173 751 tibi

454 802 715 849 rerumque
750 785 964 848 prudens
1000 793 1048 832 et
1084 781 1315 831 secundis

522 865 828 929 temporibus
866 863 1127 926 dubiisque
1162 872 1339 923 rectuS‚

390 1025 572 1074 vindex
606 1039 780 1073 avarae
815 1022 999 1071 fraudis
1035 1030 1082 1070 et
1118 1020 1374 1069 abstinens

391 1106 617 1156 ducentis
654 1105 718 1154 ad
754 1120 806 1152 se
842 1112 1022 1151 cuncta
1055 1100 1298 1165 pecuniae

461 1188 734 1249 consulque
769 1201 872 1233 non
908 1182 1053 1232 unius
1087 1182 1219 1241 anni,

528 1268 616 1317 sed
653 1265 881 1329 quotiens
918 1266 1080 1314 bonus
1117 1273 1267 1326 atque
1303 1263 1430 1313 fidus

393 1430 543 1479 iudex
578 1430 842 1478 honestum
878 1423 1103 1488 praetulit
1138 1424 1260 1483 utili,

394 1511 563 1561 reiecit
599 1510 699 1557 alto
735 1509 870 1556 dona
904 1507 1189 1555 nocentium

461 1594 613 1651 vultu,
650 1605 738 1653 per
772 1587 1015 1637 obstantis
1050 1596 1270 1636 catervas

530 1669 766 1734 explicuit
803 1685 892 1717 sua
925 1668 1082 1718 vietor
1117 1684 1265 1718 arma.

396 1844 499 1878 non
536 1827 875 1891 possidentem
910 1827 1067 1875 multa
1102 1824 1352 1875 vocaveris

398 1919 531 1959 recte
566 1910 799 1968 beatum3
847 1906 1026 1956 rectius
1062 1915 1274 1970 occupat

467 2005 651 2039 nornen
687 1988 833 2048 beati,
872 1986 958 2051 qui
993 1988 1200 2036 deorum

535 2069 819 2119 muneribus
856 2068 1101 2133 sapienter
1135 2069 1206 2118 uti

399 2230 674 2291 duramque
709 2227 854 2276 callet
891 2224 1176 2290 pauperiem
1212 2223 1316 2289 pati

401 2309 643 2373 peiusque
678 2310 778 2358 leto
814 2307 1050 2371 flagitium
1086 2306 1241 2365 timet,

471 2407 573 2439 non
609 2390 689 2438 ille
727 2406 818 2452 pro
854 2388 978 2437 caris
1013 2386 1183 2436 amicis

537 2480 621 2520 aut
656 2469 812 2533 patria
848 2469 1048 2518 timidus
1085 2467 1252 2532 perire.

1800 317 1855 359 30

1807 794 1855 838 35

1808 1279 1863 1318 40

1812 1842 1864 1884 45
