1930 3060
193 100 292 164 146

758 88 995 145 HORATI
1037 101 1284 143 EPoDON

940 268 1117 316 XVII.

391 389 498 434 Iam
534 384 633 433 iam
670 383 855 432 efficaci
890 385 958 432 do
992 398 1169 431 manus
1206 379 1455 439 scientiae,

390 468 596 529 supplex
631 474 680 514 et
716 481 803 513 oro
838 479 989 526 regna
1022 479 1109 526 per
1146 461 1481 524 Proserpinae,

388 564 475 611 per
510 557 559 595 et
597 546 789 594 Dianae
824 560 926 593 non
962 544 1211 605 movenda
1245 541 1459 600 numina,

390 645 479 691 per
513 637 661 690 atque
695 626 846 675 libros
882 625 1155 673 carminum
1190 622 1458 672 valentium

391 711 538 758 refixa
572 709 711 757 caelo
746 707 987 756 devocare
1022 705 1196 763 sidera,

393 791 617 849 Canidia,
654 804 803 852 parce
838 786 1043 836 vocibus
1077 787 1282 835 tandem
1317 783 1464 833 sacris

393 871 646 934 citumque
679 879 809 918 retro
845 869 993 927 solve,
1031 869 1167 917 solve
1199 865 1460 915 turbinem.

393 951 547 1000 movit
581 959 818 1013 nepotem
852 949 1107 1011 Telephus
1143 947 1394 1005 Nereium,

394 1033 445 1081 in
480 1048 631 1094 quem
667 1033 907 1094 superbus
943 1029 1192 1079 ordinarat
1225 1027 1424 1092 agmina

397 1116 651 1177 Mysorum
691 1122 740 1161 et
774 1114 826 1160 in
861 1127 1010 1173 quem
1046 1112 1146 1159 tela
1178 1118 1323 1158 acuta
1358 1116 1574 1158 torserat.

395 1211 578 1243 unxere
613 1204 791 1242 matres
829 1191 950 1241 Iliae
985 1191 1239 1240 addictum
1275 1189 1384 1239 feris

396 1275 592 1323 alitibus
627 1282 776 1336 atque
812 1271 1017 1324 canibus
1054 1269 1355 1319 homicidam
1394 1271 1682 1327 Hectorem,

394 1364 660 1419 postquam
695 1353 874 1402 relictis
910 1351 1173 1401 moenibus
1207 1367 1292 1400 rex
1326 1349 1538 1414 procidit

394 1436 491 1484 heu
529 1433 797 1498 pervicacis
832 1434 897 1482 ad
932 1433 1086 1495 pedes
1122 1430 1344 1480 Achillei.

397 1525 592 1565 saetosa
627 1514 761 1564 duris
796 1529 973 1563 exuere
1009 1511 1219 1575 pellibus

396 1596 629 1646 laboriosi
665 1595 873 1658 remiges
910 1593 1112 1644 Ulixei'

396 1681 594 1728 volente
631 1677 776 1728 Circa
811 1678 1063 1725 membra:
1109 1683 1229 1724 tunc
1265 1689 1404 1723 mens
1439 1682 1489 1723 et
1523 1688 1673 1722 sonus

397 1761 618 1821 relapsus
653 1767 802 1820 atque
838 1766 985 1806 notus
1020 1755 1072 1804 in
1106 1756 1270 1804 vultus
1304 1755 1476 1803 honor.

399 1840 516 1890 dedi
552 1841 668 1888 satis
703 1855 947 1903 superque
981 1852 1254 1903 poenarum
1290 1835 1393 1895 tibi,

399 1930 564 1969 amata
597 1919 758 1968 nautis
793 1921 1001 1968 multum
1037 1928 1086 1967 et
1120 1915 1435 1966 institoribus.

401 2002 522 2065 fugit
556 2001 796 2060 iuventas,
835 2010 884 2050 et
920 1999 1225 2049 verecundus
1261 1999 1397 2047 color

400 2083 596 2147 reliquit
631 2099 744 2132 ossa
778 2084 908 2146 pelle
942 2081 1123 2131 amicta
1155 2079 1325 2141 lurida,

402 2164 498 2213 tuis
533 2162 742 2225 capillus
777 2163 921 2211 albus
956 2170 1030 2210 est
1065 2159 1300 2209 odoribus
1315 2176 1330 2219 ;

402 2248 594 2295 nullum
629 2262 658 2294 a
692 2247 862 2294 labore
898 2260 978 2293 me
1013 2242 1216 2292 reclinat
1252 2242 1422 2300 otium,

402 2336 542 2391 urget
578 2326 711 2376 diem
747 2342 848 2375 nox
883 2335 932 2374 et
967 2325 1073 2374 dies
1108 2332 1324 2383 noctem,
1362 2338 1525 2385 neque
1561 2330 1634 2370 est

402 2409 563 2456 levare
599 2414 736 2455 tenta
770 2405 943 2469 spiritu
979 2402 1278 2467 praecordia.

405 2504 520 2551 ergo
554 2498 790 2550 negatum
826 2486 996 2536 vincor
1029 2495 1083 2533 ut
1119 2485 1318 2533 credam
1352 2482 1513 2542 miser,

404 2568 597 2617 Sabella
630 2576 804 2629 pectus
840 2565 1091 2629 increpare
1125 2561 1344 2613 carmina

404 2658 650 2711 caputque
687 2649 856 2695 Marsa
891 2644 1098 2695 dissilire
1133 2643 1292 2693 nenia.

405 2728 527 2791 quid
562 2727 774 2792 amplius
809 2726 919 2775 vis?
965 2742 996 2775 o
1032 2740 1166 2774 mare
1202 2733 1251 2774 et
1288 2734 1427 2783 terra,
1465 2722 1629 2782 arde0‚

406 2819 647 2872 quantum
683 2824 846 2871 neque
881 2817 987 2856 atro
1022 2805 1270 2856 delibutus
1309 2804 1552 2854 Hercules

1811 1123 1860 1152 10

1812 1931 1867 1961 20

1819 2738 1872 2781 30
