1930 3060
173 138 239 175 22

691 137 928 178 HORATI
966 138 1312 180 CARMINUM

933 338 1072 384 XXI.

376 441 824 512 Dianam‘tenerae
860 463 1009 514 dicite
1043 464 1268 529 virgines,

375 545 639 606 intonsum,
677 545 828 608 pueri,
866 545 1015 594 dicite
1051 547 1319 608 Cynthium

442 629 786 689 Latonamque
823 643 1052 689 supremo

509 708 741 756 dilectam
778 708 973 771 penitus
1011 708 1133 757 Iovi.

376 860 465 892 vos
500 845 679 892 laetam
716 843 872 892 fluviis
908 853 956 892 et
992 860 1248 893 nemorum
1285 861 1445 905 coma,

376 940 717 987 quaecumque
753 933 835 972 aut
869 923 1034 986 gelido
1069 925 1314 988 prominet
1351 925 1545 989 Algido,

444 1005 590 1069 nigris
624 1015 708 1054 aut
745 1007 1035 1069 Erymanthi

510 1086 642 1134 silvis
676 1096 759 1134 aut
794 1086 960 1135 viridis
997 1087 1156 1151 Cragi.

377 1238 464 1270 vos
500 1224 691 1284 Tempe
727 1221 936 1271 totidem
974 1222 1130 1271 tollite
1167 1221 1394 1271 laudibus

379 1303 706 1364 natalemque,
747 1318 919 1363 mares,
960 1304 1125 1352 Delon
1164 1303 1410 1367 Apollinis

446 1381 788 1444 insignemque
824 1382 1051 1445 pharetra

512 1465 820 1525 fraternaque
854 1479 1076 1511 umerum
1111 1465 1225 1527 lyra.

378 1599 461 1648 hic
495 1600 680 1648 bellum
715 1599 1043 1661 lacrimosum,
1081 1600 1162 1650 hic
1196 1601 1424 1650 miseram
1459 1602 1642 1650 famem

380 1691 671 1744 pestemque
706 1698 736 1728 a
770 1683 958 1744 populo
995 1691 1043 1730 et
1078 1683 1301 1746 principe
1338 1684 1548 1733 Caesare
1585 1683 1636 1732 in

448 1765 622 1812 Persas
656 1771 805 1825 atque
842 1762 1103 1813 Britannos

514 1853 673 1892 vestra
708 1854 870 1893 motus
905 1855 1017 1909 aget
1051 1860 1215 1909 prece.

927 2084 1101 2131 XXII.

518 2216 715 2276 Integer
748 2212 877 2262 vitae
913 2213 1207 2276 scelerisque
1241 2228 1392 2276 purus

517 2312 619 2344 non
656 2304 764 2357 eget
802 2294 990 2343 Mauris
1024 2294 1195 2344 iaculis
1232 2310 1394 2357 neque
1428 2310 1540 2342 arcu

517 2393 610 2425 nec
646 2376 899 2425 venenatis
932 2376 1133 2439 gravida
1167 2375 1371 2439 sagittis,

653 2458 693 2504 F
697 2472 826 2515 usce,
863 2457 1104 2518 pharetra,

519 2593 622 2642 sive
657 2609 744 2655 per
778 2592 927 2655 Syrtis
962 2592 1053 2640 iter
1087 2600 1340 2640 aestuosas

522 2673 623 2721 sive
659 2674 872 2719 facturus
907 2687 994 2733 per
1029 2671 1380 2734 inhospitalem

521 2755 799 2804 Caucasum
836 2754 913 2800 vel
949 2768 1074 2815 quae
1110 2753 1221 2800 loca
1255 2753 1507 2800 fabulosus

653 2833 824 2883 lambit
862 2834 1143 2896 Hydaspes.

1796 1322 1844 1351 10

1797 1782 1844 1825 15
