1930 3060
172 117 241 167 24
689 116 927 157 HORATI
965 104 1312 160 CARMiNUM

504 235 642 297 atqui
677 251 778 284 non
815 252 908 299 ego
944 245 993 285 te
1028 236 1163 300 tigris
1197 246 1251 287 ut
1285 254 1458 301 aspera

506 317 806 366 Gaetulusve
842 318 921 366 leo
954 318 1176 381 frangere
1211 334 1508 382 persequor:
1788 343 1838 372 10

572 398 773 462 tandem
810 397 981 446 desine
1015 407 1221 447 matrem

638 479 931 540 tempestiva
965 477 1103 540 sequi
1138 478 1255 528 viro.

907 623 1097 670 XXIV.

506 722 632 784 Quis
667 721 912 772 desiderio
948 723 1009 772 sit
1044 725 1206 787 pudor
1240 734 1323 774 aut
1359 726 1536 775 modus

506 813 607 851 tam
644 804 742 852 cari
778 803 988 866 capitis?
1032 806 1263 869 praecipe
1299 806 1513 870 lugubris

508 893 697 944 cantus,
738 887 1072 948 Melpomene,
1111 889 1187 935 cui
1225 887 1462 951 liquidam
1499 899 1637 951 pater

638 983 812 1015 vocem
848 983 962 1015 cum
998 967 1182 1015 cithara
1216 967 1364 1016 dedit.

506 1084 622 1131 ergo
658 1068 950 1130 Quintilium
988 1079 1253 1133 perpetuus
1289 1086 1440 1133 sopor
1814 1090 1837 1134 5

507 1151 681 1212 urget?
727 1151 805 1198 cui
842 1151 1007 1199 Pudor
1042 1159 1091 1199 et
1128 1149 1350 1200 Iustitiae
1387 1167 1536 1212 soror,

508 1229 792 1294 incorrupta
828 1232 990 1289 Fides,
1005 1275 1009 1278 γ
1026 1232 1259 1292 nudaque
1294 1231 1488 1281 Veritas

641 1314 844 1375 quando
879 1313 1032 1360 ullum
1069 1311 1287 1361 inveniet
1322 1315 1529 1375 parem?

508 1421 674 1470 multis
711 1421 791 1470 ille
827 1421 971 1470 bonis
1007 1419 1182 1470 flebilis
1218 1420 1414 1481 occidit,

509 1503 631 1551 nulli
669 1501 874 1551 flebilior
907 1517 1057 1564 quam
1092 1501 1194 1561 tibi,
1232 1501 1429 1565 Vergili.
1793 1523 1842 1552 10

510 1592 566 1632 tu
599 1585 774 1632 frustra
808 1580 918 1646 pius
954 1583 1051 1631 heu
1086 1599 1189 1631 non
1224 1583 1293 1632 ita
1328 1583 1565 1634 creditum
1645 1648 1649 1650 Π

644 1665 809 1727 poscis
846 1663 1140 1724 Quintilium
1177 1664 1311 1712 deos.

508 1765 641 1829 quid,
679 1766 719 1814 si
754 1765 986 1815 Threicio
1020 1765 1248 1814 blandius
1285 1767 1489 1828 Orpheo

507 1848 727 1896 auditam
762 1849 1018 1896 moderere
1053 1846 1307 1896 arboribus
1342 1849 1528 1896 fidem?

507 1945 627 1978 num
664 1944 820 1977 vanae
855 1929 1023 1977 redeat
1058 1926 1252 1992 sanguis
1288 1927 1500 1992 imagini,
1793 1948 1840 1991 15

643 2026 790 2072 quam
827 2006 959 2072 virga
993 2010 1147 2058 semel
1181 2009 1390 2067 horrida,

510 2128 610 2161 non
648 2112 771 2161 lenis
806 2111 1034 2175 precibus
1069 2113 1171 2160 fata
1205 2113 1469 2170 recludere,

509 2193 646 2257 nigro
681 2192 975 2256 compulerit
1014 2192 1287 2242 Mercurius
1321 2193 1490 2256 gregi?

509 2276 715 2324 durum:
764 2274 851 2323 sed
887 2273 1040 2323 levius
1076 2275 1130 2322 fit
1164 2273 1402 2338 patientia

642 2355 877 2418 quicquid
913 2354 1151 2418 corrigere
1187 2364 1261 2404 est
1297 2357 1448 2404 nefas.
1790 2376 1844 2405 20

172 2481 308 2521 leaves
328 2480 474 2521 bristle
494 2493 540 2519 so
562 2479 765 2530 suddenly
784 2491 828 2517 as
847 2484 892 2518 to
911 2478 1053 2518 startle
1079 2477 1149 2518 the
1179 2478 1300 2524 fawn,
1323 2479 1405 2518 and
1434 2480 1516 2520 this
1544 2479 1664 2520 effect
1691 2486 1843 2519 cannot

172 2550 415 2601 reasonably
445 2549 498 2588 be
529 2548 719 2599 assigned
751 2552 795 2586 to
827 2547 896 2586 the
934 2546 1144 2598 approach
1181 2546 1230 2586 of
1260 2547 1413 2599 spring.
1473 2547 1708 2595 Moreover,
1747 2546 1843 2586 ‘the

172 2617 383 2668 approach
406 2616 453 2655 of
476 2616 618 2667 spring
631 2614 642 2632 '
660 2615 744 2653 and
768 2616 779 2635 ‘
792 2627 818 2653 a
836 2613 962 2653 lizard
981 2613 1024 2652 in
1044 2614 1114 2654 the
1134 2613 1240 2654 bush
1253 2612 1263 2630 '
1283 2627 1353 2654 are
1379 2614 1532 2654 absurd
1559 2614 1835 2654 alternatives.

171 2686 264 2724 The
284 2685 458 2736 reading
477 2685 536 2723 ad
553 2689 723 2723 ventum
743 2683 777 2722 is
796 2682 1024 2722 confirmed
1044 2688 1114 2721 too
1133 2682 1189 2734 by
1207 2695 1415 2721 aurarum
1435 2681 1483 2722 of
1497 2681 1523 2721 l.
1545 2698 1582 2732 4.

253 2762 388 2790 xxxv.
415 2764 474 2802 13.
539 2751 671 2802 Many
690 2751 785 2790 edd.
807 2751 903 2790 read
924 2750 1035 2802 quod
1048 2751 1097 2798 si,
1121 2750 1196 2789 but
1215 2749 1272 2789 all
1292 2749 1362 2789 the
1383 2750 1472 2789 best
1493 2760 1590 2789 MSS.
1610 2749 1716 2790 have
1742 2751 1847 2802 quid

169 2820 232 2859 si:
259 2819 310 2859 cf.
331 2822 416 2859 Sat.
445 2829 495 2858 11.
520 2832 557 2869 3.
588 2830 662 2871 159
683 2819 765 2858 and
785 2831 892 2871 219:
927 2829 964 2869 7.
987 2831 1066 2867 42:
1096 2818 1234 2870 Epist.
1257 2827 1288 2857 1.
1314 2815 1376 2856 16.
1398 2819 1451 2858 8:
1486 2829 1546 2868 19.
1575 2830 1635 2857 η.
