1930 3060
173 112 271 161 128

731 110 969 152 HORATI
1009 90 1258 149 EPODON

425 250 589 298 ,rogeS,
626 242 765 282 tuum
803 234 970 282 labore
1006 232 1130 294 quid
1163 229 1326 278 iuvem
1361 243 1490 287 me0,
1784 243 1801 273 r
1810 240 1832 284 5

568 313 780 377 imbellis
816 330 876 363 ac
910 315 1076 361 firmus
1111 312 1319 374 parum?

436 411 606 444 comes
643 394 834 443 minore
870 410 978 443 sum
1015 394 1204 441 futurus
1238 391 1290 439 in
1325 398 1476 449 metu,

574 475 658 539 qui
693 475 849 524 maior
883 473 1103 523 absentis
1138 474 1318 521 habet:

440 567 493 607 ut
528 557 751 606 assidens
787 555 1103 619 implumibus
1138 552 1284 615 pullis
1320 550 1422 601 avis

577 637 880 700 serpentium
916 638 1132 698 allapsus
1166 633 1308 682 timet
1789 645 1841 675 20

442 720 599 782 magis
634 719 829 778 relictis,
867 729 983 776 non,
1021 726 1076 765 ut
1111 714 1254 775 adsit,
1291 710 1438 762 auxili

578 804 736 850 latura
769 802 880 863 plus
915 797 1267 862 praesentibus.

444 885 653 934 libenter
686 883 783 931 hoc
819 890 869 930 et
904 897 1052 929 omne
1088 877 1377 927 militabitur

582 965 782 1024 bellum,
820 963 872 1011 in
905 971 1019 1011 tuae
1055 977 1210 1026 spem?
1229 959 1427 1023 gratiae,

448 1063 551 1097 non
586 1056 639 1095 ut
674 1043 895 1094 iuvencis
929 1043 1114 1106 illigata
1148 1035 1369 1105 pluribus
1796 1053 1820 1082 2
1827 1052 1847 1093 3

551 1179 553 1181 ,
584 1136 740 1176 aratra
775 1124 990 1174 nitantur
1025 1123 1161 1182 meis,

452 1224 667 1272 pecusve
705 1205 928 1255 Calabris
963 1213 1078 1253 ante
1115 1203 1250 1252 sidus
1284 1200 1525 1250 fervidum

590 1292 793 1338 Lucana
827 1296 984 1336 mutet
1018 1284 1255 1349 pascuis,'

456 1389 549 1422 nec
584 1382 639 1421 ut
674 1369 868 1434 superni
906 1368 1022 1417 villa
1055 1366 1274 1416 candens
1309 1363 1511 1413 Tusculi

591 1452 799 1504 Circaea
833 1458 1002 1513 tangat
1038 1446 1248 1497 moenia.
1806 1456 1856 1497 30

458 1534 574 1583 satis
609 1548 851 1597 superque
887 1546 967 1579 me
1002 1527 1279 1591 benignitas
1315 1535 1399 1574 tua

594 1613 797 1664 ditavit:
844 1612 978 1661 haud
1012 1625 1262 1675 paravero,

461 1697 597 1761 quod
634 1704 717 1745 aut
753 1709 928 1744 avarus
963 1701 1016 1741 ut
1053 1692 1292 1741 Chremes
1326 1697 1454 1738 terra
1488 1701 1722 1749 premam,

598 1775 866 1828 discinctus
902 1783 986 1824 aut
1022 1773 1226 1836 perdam
1264 1779 1318 1819 ut
1351 1784 1521 1832 nepos.

1003 1941 1072 1988 II.

471 2069 482 2091 ‘
500 2066 682 2113 Beatus
717 2061 813 2119 ille,
851 2059 937 2124 qui
971 2060 1144 2123 procul
1181 2056 1406 2121 negotiiS‚

604 2153 657 2192 ut
692 2143 855 2206 prisca
887 2158 1008 2206 gens
1045 2139 1339 2197 mortalium,

470 2235 676 2290 paterna
710 2241 821 2273 rura
855 2225 1018 2272 bobus
1054 2230 1248 2272 exercet
1283 2219 1398 2287 suis,

608 2309 795 2357 solutus
830 2303 969 2356 omni
1003 2306 1218 2363 faenore,

475 2406 636 2453 neque
672 2387 910 2437 excitatur
944 2387 1152 2434 classico
1188 2383 1328 2432 miles
1364 2379 1499 2441 truci,
1849 2390 1871 2436 5

609 2486 704 2518 nec
739 2470 903 2518 horret
936 2469 1113 2515 iratum
1149 2481 1297 2524 mare,

477 2553 737 2613 forumque
772 2547 891 2598 vitat
927 2557 977 2596 et
1012 2547 1224 2609 superba
1258 2542 1438 2592 civium

612 2631 948 2694 potentiorum
984 2627 1168 2689 limina.

294 2787 360 2814 αι.
417 2773 605 2823 Bentley,
628 2769 911 2824 complaining
929 2769 977 2809 of
990 2767 1204 2819 tautology
1225 2765 1267 2804 in
1295 2769 1345 2804 ut
1360 2762 1473 2802 adsit
1489 2759 1572 2800 and
1583 2757 1878 2813 praesentibus,

214 2843 309 2883 read
331 2842 397 2882 uti
412 2843 468 2882 sit
485 2841 636 2880 auxili.
