1930 3060
160 119 257 170 108
665 127 901 169 HORATI
941 127 1285 170 CARMINUM

354 250 462 312 quis
500 250 733 298 Parthum
769 259 959 312 paveat,
998 249 1108 311 quis
1141 249 1357 312 gelidum
1395 251 1621 312 Scythen,
1769 268 1816 311 ²5

355 330 464 392 quis
501 329 767 379 Germania
803 346 927 392 quos
963 329 1160 378 horrida
1194 329 1398 392 parturit

353 411 494 469 fetus,
530 409 768 458 incolumi
807 411 1058 459 Caesare?
1103 409 1212 472 quis
1248 411 1378 459 ferae

486 492 672 539 bellum
710 499 845 539 curet
884 490 1157 538 Hiberiae?

354 597 525 646 condit
561 598 770 662 quisque
807 599 940 648 diem
976 598 1184 648 collibus
1221 598 1272 647 in
1307 597 1407 648 suis

354 688 404 728 et
438 679 584 728 vitem
621 680 794 728 viduas
831 682 968 729 ducit
1003 682 1069 729 ad
1103 682 1302 729 arbores
1319 698 1333 740 ;
1771 699 1823 740 30

354 760 468 808 hinc
504 763 567 810 ad
602 761 717 809 vina
751 762 877 810 redit
912 763 1069 810 laetus
1105 771 1154 810 et
1189 762 1352 810 alteris

491 851 539 890 te
575 842 757 891 mensis
793 843 996 892 adhibet
1031 843 1182 891 deum
1200 860 1214 902 3

356 960 404 999 te
439 952 592 999 multa
627 968 784 1014 prece,
823 962 873 1000 te
907 951 1221 1015 prosequitur
1255 966 1390 1000 mero

354 1032 531 1080 defuso
567 1032 763 1094 pateris,
801 1042 850 1081 et
887 1033 1095 1082 Laribus
1131 1042 1270 1081 tuum

355 1113 526 1162 miscet
564 1130 762 1172 numen,
800 1114 872 1162 uti
907 1114 1116 1164 Graecia
1153 1113 1370 1164 Castoris
1771 1130 1819 1174 35

489 1205 538 1243 et
572 1194 739 1258 magni
775 1211 966 1244 mernor
1003 1195 1247 1245 Herculis.

356 1306 555 1368 ‘longas
592 1322 623 1354 o
659 1304 862 1364 utinam,
901 1306 1002 1354 dux
1038 1306 1183 1365 bone,
1220 1304 1364 1354 ferias

355 1397 572 1449 praestes
610 1386 886 1450 Hesperiae
907 1389 937 1435 1’
985 1386 1195 1436 dicimus
1231 1387 1422 1450 integro

355 1467 470 1517 sicci
507 1485 653 1516 mane
690 1468 785 1527 die,
823 1468 1033 1517 dicimus
1068 1467 1217 1529 uvidi,

491 1566 604 1598 cum
642 1551 714 1598 sol
753 1551 960 1599 Oceano
996 1552 1176 1599 subest.
1770 1568 1825 1607 40

942 1767 1033 1814 VI.

358 1890 501 1950 Dive,
539 1907 685 1953 quem
723 1891 886 1953 proles
925 1888 1121 1938 Niobea
1155 1904 1365 1952 magnae

356 1972 602 2021 vindicem
640 1972 833 2034 linguae
869 1971 1142 2034 Tityosque
1176 1979 1342 2032 raptor

357 2052 508 2101 sensit
545 2061 592 2100 et
628 2051 808 2100 Troiae
846 2067 1002 2114 prope
1037 2051 1192 2099 victor
1226 2052 1356 2099 altae

493 2131 698 2180 Phthius
733 2130 967 2191 Achilles,

357 2242 531 2293 ceteris
566 2242 735 2302 maior,
773 2241 864 2291 tibi
898 2241 1040 2290 miles
1074 2240 1246 2304 impar,
1801 2254 1824 2299 5

356 2324 483 2373 filius
519 2326 743 2387 quamvis
780 2322 1006 2373 Thetidis
1042 2322 1260 2372 marinae

360 2407 618 2454 Dardanas
654 2404 796 2454 turris
832 2413 1057 2467 quateret
1092 2402 1349 2453 tremenda

493 2486 699 2548 cuspide
735 2501 944 2548 pugnax.

359 2593 455 2651 ille,
494 2592 714 2641 mordaci
749 2592 883 2640 velut
918 2591 1018 2639 icta
1051 2591 1179 2639 ferro

360 2674 506 2737 pinus
540 2683 624 2722 aut
659 2673 871 2736 impulsa
905 2687 1164 2735 cupressus
1201 2671 1351 2729 Euro,
1778 2686 1828 2716 10

360 2753 572 2818 procidit
606 2755 702 2802 late
740 2754 1005 2816 posuitque
1040 2752 1224 2801 collum
1259 2749 1311 2798 in

496 2836 697 2898 pulvere
732 2836 938 2883 Teucro.
