1930 3060
748 149 984 189 HORATI
1023 149 1363 191 CARMINUM

496 271 568 317 fas
604 268 873 331 pervicacis
908 279 982 320 est
1017 269 1138 319 mihi
1173 271 1423 334 Thyiadas

496 349 695 412 vinique
729 351 932 409 sontem,
969 351 1109 400 lactis
1145 361 1194 400 et
1227 354 1402 405 uberes

562 439 760 479 cantare
784 430 924 480 ‘rivos
959 440 1106 494 atque
1141 433 1323 480 truncis

632 512 769 573 lapsa
805 511 937 560 cavis
971 511 1146 574 iterare
1181 514 1354 562 mella:

496 622 574 669 fas
604 630 658 670 et
687 621 862 669 beatae
897 619 1120 683 coniugis
1155 621 1379 670 additum

496 701 648 751 stellis
683 703 924 764 honorem
962 710 1188 764 tectaque
1225 701 1431 751 Penthei

564 782 768 831 disiecta
803 798 905 831 non
940 782 1038 830 leni
1075 781 1228 840 ruina,

630 862 836 911 Thracis
871 871 921 911 et
956 862 1157 911 exitium
1194 863 1414 926 Lycurgi.

495 985 547 1024 tu
584 975 738 1024 flectis
772 989 958 1031 amnes,
997 981 1050 1021 tu
1087 989 1219 1022 mare
1255 972 1527 1035 barbarum,

499 1066 551 1105 tu
587 1053 821 1118 separatis
856 1053 1031 1102 uvidus
1067 1054 1118 1101 in
1154 1053 1276 1116 iugis

564 1137 701 1185 nodo
734 1151 932 1184 coerces
966 1133 1189 1197 viperino

633 1215 947 1265 Bistonidum
984 1214 1088 1264 sine
1124 1216 1293 1275 fraude
1326 1215 1486 1264 crinis.

498 1336 566 1386 tu,
603 1342 717 1374 cum
754 1325 968 1388 parentis
1003 1341 1153 1388 regna
1187 1341 1274 1388 per
1308 1325 1517 1374 arduum

500 1409 679 1457 cohors
714 1406 984 1469 Gigantum
1022 1407 1282 1456 scanderet
1316 1406 1482 1469 impia,

568 1489 819 1537 Rhoetum
855 1487 1090 1537 retorsisti
1124 1487 1283 1538 leonis

631 1569 878 1633 unguibus
912 1568 1229 1632 horribilique
1263 1571 1405 1628 mala,

499 1695 799 1744 quamquam
837 1678 1030 1728 choreis
1065 1677 1226 1743 aptior
1260 1687 1309 1728 et
1344 1678 1466 1729 iocis

500 1764 719 1825 ludoque
755 1759 918 1810 dictus
954 1777 1056 1809 non
1093 1769 1166 1808 sat
1201 1760 1410 1810 idoneus

567 1858 761 1907 pugnae
795 1839 1026 1891 ferebaris
1041 1830 1062 1902 ς’
1103 1831 1203 1910 εεᾱ7
1225 1841 1360 1891 idem

633 1925 770 1987 pacis
806 1939 911 1985 eras
948 1921 1241 1985 mediusque
1277 1921 1404 1987 belli.

501 2043 551 2083 te
585 2032 705 2083 vidit
741 2033 910 2083 insons
948 2035 1192 2083 Cerberus
1226 2049 1375 2082 aureo

503 2131 657 2164 comu
693 2116 945 2174 decorum,
982 2114 1154 2170 leniter
1188 2124 1402 2163 atterens

570 2197 793 2255 caudam,
829 2205 879 2244 et
911 2195 1186 2244 recedentis
1219 2193 1434 2257 trilingui

636 2293 722 2327 ore
756 2278 910 2339 pedes
945 2275 1201 2340 tetigitque
1235 2291 1387 2324 crura.

1007 2493 1118 2539 XX.

511 2652 627 2698 Non
663 2650 843 2699 usitata
877 2666 971 2698 nec
1007 2648 1142 2698 tenui
1179 2650 1303 2697 ferar

430 2763 433 2765 >
507 2730 659 2793 pinna
695 2730 914 2779 biformis
951 2747 1038 2792 per
1073 2729 1315 2792 liquidum
1351 2730 1547 2778 aethera.

578 2821 726 2867 vates,
764 2827 926 2873 neque
963 2811 1011 2858 in
1049 2811 1185 2859 terris
1219 2811 1449 2858 morabor

643 2892 852 2955 longius,
892 2890 1173 2954 invidiaque
1210 2890 1366 2939 maior

1841 369 1891 401 10

1845 800 1892 846 1‘5

1844 1234 1898 1265 20

1852 2090 1929 2174 30'
