1930 3060
706 163 944 206 HORATI
982 166 1327 208 CARMINUM

983 435 1045 482 V.

450 596 689 644 Nondum
726 597 929 645 subacta
963 598 1087 646 ferre
1123 597 1289 661 iugum
1325 599 1453 647 valet

448 677 652 735 cervice,
689 678 911 726 nondum
949 677 1116 727 munia
1151 681 1394 742 comparis

515 773 725 819 aequare
762 774 854 806 nec
889 758 1014 806 tauri
1050 758 1234 808 ruentis

582 836 633 884 in
670 854 898 887 venerem
934 841 1141 889 tolerare
1176 841 1386 903 pondus.

448 1001 576 1052 circa
612 1003 810 1053 virentis
845 1015 918 1054 est
953 1006 1145 1056 animus
1182 1018 1295 1057 tuae

449 1101 653 1148 campos
686 1084 937 1146 iuvencae,
975 1103 1108 1136 nunc
1142 1087 1300 1137 fluviis
1334 1104 1531 1151 gravem

516 1164 718 1214 solantis
752 1176 957 1227 aestum,
995 1185 1127 1218 nunc
1162 1169 1212 1218 in
1247 1170 1350 1219 udo

583 1248 752 1296 ludere
787 1265 901 1297 cum
937 1249 1099 1299 vitulis
1135 1250 1308 1300 salicto

452 1415 833 1479 praegestientis.
907 1418 1024 1466 tolle
1060 1415 1345 1479 cupidinem

451 1495 652 1546 immitis
688 1514 841 1546 uvae:
888 1497 987 1545 iam
1022 1496 1112 1546 tibi
1148 1495 1323 1546 lividos

520 1577 788 1641 distinguet
824 1587 1088 1626 autumnus
1122 1593 1343 1627 racemos

586 1675 837 1721 purpureo
873 1658 1033 1707 varius
1069 1658 1246 1707 colore.

452 1822 550 1871 iam
586 1833 636 1872 te
671 1834 932 1887 sequetur:
978 1823 1126 1872 currit
1159 1824 1290 1874 enim
1326 1825 1462 1874 ferox

451 1913 589 1952 aetas
625 1912 675 1952 et
709 1903 791 1963 illi,
830 1919 955 1966 quos
991 1903 1082 1953 tibi
1116 1904 1398 1967 dempserit,

520 1993 741 2048 apponet
775 2001 963 2034 annos:
1009 1985 1106 2033 iam
1144 1995 1371 2049 proterva

586 2069 746 2116 fronte
781 2076 915 2131 petet
952 2068 1135 2129 Lalage
1170 2067 1412 2126 maritum,

453 2230 644 2290 dilecta,
683 2241 923 2294 quantum
958 2248 1061 2280 non
1098 2232 1288 2280 Pholoe
1322 2232 1482 2295 fugax,

453 2329 554 2361 non
593 2313 788 2362 Chloris
822 2314 938 2362 albo
974 2313 1044 2363 sic
1078 2330 1248 2363 umero
1284 2315 1446 2362 nitens

521 2404 574 2442 ut
608 2411 730 2457 pura
764 2403 1009 2444 nocturno
1043 2394 1235 2444 renidet

588 2475 704 2522 luna
738 2475 876 2534 mari,
914 2475 1185 2525 Cnidiusve
1221 2476 1415 2539 Gyges:

455 2658 604 2704 quem
639 2641 679 2690 si
715 2643 985 2705 puellarum
1022 2641 1258 2691 insereres
1293 2642 1458 2699 choro,

456 2720 576 2770 mire
612 2721 797 2786 sagacis
831 2723 1020 2771 falleret
1054 2722 1275 2784 hospites

523 2802 788 2851 discrimen
825 2804 1089 2851 obscurum
1126 2802 1298 2851 solutis

591 2882 804 2932 crinibus
840 2883 1171 2948 ambiguoque
1206 2885 1356 2933 vultu.

1803 1516 1854 1547 10

1801 2496 1856 2527 20
