<?xml version="1.0" encoding="UTF-8"?>
<!DOCTYPE html PUBLIC "-//W3C//DTD XHTML 1.0 Transitional//EN"
    "http://www.w3.org/TR/xhtml1/DTD/xhtml1-transitional.dtd">
<html xmlns="http://www.w3.org/1999/xhtml" xml:lang="en" lang="en">
 <head>
  <title>
</title>
<meta http-equiv="Content-Type" content="text/html;charset=utf-8" />
  <meta name='ocr-system' content='tesseract 3.04.00' />
  <meta name='ocr-capabilities' content='ocr_page ocr_carea ocr_par ocr_line ocrx_word'/>
</head>
<body>
  <div class='ocr_page' id='page_1' title='image "./carminaliberepod00horauoft_0051.png"; bbox 0 0 1930 3060; ppageno 0'>
   <div class='ocr_carea' id='block_1_1' title="bbox 791 120 1201 172">
    <p class='ocr_par' dir='ltr' id='par_1_1' title="bbox 791 120 1201 172">
     <span class='ocr_line' id='line_1_1' title="bbox 791 120 1201 172; baseline 0.002 -2"><span class='ocrx_word' id='word_1_1' title='bbox 791 131 906 172; x_wconf 71' lang='lat' dir='ltr'>Lus.</span> <span class='ocrx_word' id='word_1_2' title='bbox 947 130 980 170; x_wconf 93' lang='lat'>1.</span> <span class='ocrx_word' id='word_1_3' title='bbox 1023 120 1201 171; x_wconf 77' lang='lat' dir='ltr'>iii—v.</span> 
     </span>
    </p>
   </div>
   <div class='ocr_carea' id='block_1_2' title="bbox 1799 135 1826 183">
    <p class='ocr_par' dir='ltr' id='par_1_2' title="bbox 1799 135 1826 183">
     <span class='ocr_line' id='line_1_2' title="bbox 1799 135 1826 183; textangle 90"><span class='ocrx_word' id='word_1_4' title='bbox 1799 135 1826 183; x_wconf 47' lang='lat' dir='ltr'>X!</span> 
     </span>
    </p>
   </div>
   <div class='ocr_carea' id='block_1_3' title="bbox 226 249 1834 882">
    <p class='ocr_par' dir='ltr' id='par_1_3' title="bbox 227 249 1710 394">
     <span class='ocr_line' id='line_1_3' title="bbox 227 249 1710 315; baseline -0.001 -15"><span class='ocrx_word' id='word_1_5' title='bbox 227 249 412 315; x_wconf 83' lang='lat' dir='ltr'>pallida</span> <span class='ocrx_word' id='word_1_6' title='bbox 446 266 579 299; x_wconf 90' lang='lat' dir='ltr'>mors</span> <span class='ocrx_word' id='word_1_7' title='bbox 613 266 776 312; x_wconf 90' lang='lat' dir='ltr'>aequo</span> <span class='ocrx_word' id='word_1_8' title='bbox 810 251 974 313; x_wconf 91' lang='lat' dir='ltr'>pulsat</span> <span class='ocrx_word' id='word_1_9' title='bbox 1008 250 1138 312; x_wconf 90' lang='lat' dir='ltr'>pede</span> <span class='ocrx_word' id='word_1_10' title='bbox 1172 266 1446 313; x_wconf 89' lang='lat' dir='ltr'>pauperum</span> <span class='ocrx_word' id='word_1_11' title='bbox 1483 252 1710 299; x_wconf 89' lang='lat' dir='ltr'>tabernas</span> 
     </span>
     <span class='ocr_line' id='line_1_4' title="bbox 360 331 1286 394; baseline -0.001 -15"><span class='ocrx_word' id='word_1_12' title='bbox 360 347 633 394; x_wconf 89' lang='lat' dir='ltr'>regumque</span> <span class='ocrx_word' id='word_1_13' title='bbox 668 331 822 380; x_wconf 91' lang='lat' dir='ltr'>turris.</span> <span class='ocrx_word' id='word_1_14' title='bbox 896 347 926 379; x_wconf 94' lang='lat'>0</span> <span class='ocrx_word' id='word_1_15' title='bbox 962 332 1109 380; x_wconf 93' lang='lat' dir='ltr'>beate</span> <span class='ocrx_word' id='word_1_16' title='bbox 1145 331 1286 390; x_wconf 90' lang='lat' dir='ltr'>Sesti,</span> 
     </span>
    </p>

    <p class='ocr_par' dir='ltr' id='par_1_4' title="bbox 226 411 1831 556">
     <span class='ocr_line' id='line_1_5' title="bbox 226 411 1831 476; baseline -0.002 -14"><span class='ocrx_word' id='word_1_17' title='bbox 226 412 355 462; x_wconf 88' lang='lat' dir='ltr'>vitae</span> <span class='ocrx_word' id='word_1_18' title='bbox 379 429 573 461; x_wconf 90' lang='lat' dir='ltr'>summa</span> <span class='ocrx_word' id='word_1_19' title='bbox 598 414 760 461; x_wconf 88' lang='lat' dir='ltr'>brevis</span> <span class='ocrx_word' id='word_1_20' title='bbox 784 428 923 476; x_wconf 90' lang='lat' dir='ltr'>spem</span> <span class='ocrx_word' id='word_1_21' title='bbox 949 429 1041 461; x_wconf 91' lang='lat' dir='ltr'>nos</span> <span class='ocrx_word' id='word_1_22' title='bbox 1066 422 1198 460; x_wconf 91' lang='lat' dir='ltr'>vetat</span> <span class='ocrx_word' id='word_1_23' title='bbox 1223 411 1455 460; x_wconf 90' lang='lat' dir='ltr'>incohare</span> <span class='ocrx_word' id='word_1_24' title='bbox 1481 413 1694 475; x_wconf 89' lang='lat' dir='ltr'>longam.</span> <span class='ocrx_word' id='word_1_25' title='bbox 1787 432 1831 472; x_wconf 79' lang='lat'>15</span> 
     </span>
     <span class='ocr_line' id='line_1_6' title="bbox 361 493 1440 556; baseline 0 -15"><span class='ocrx_word' id='word_1_26' title='bbox 361 493 460 541; x_wconf 91' lang='lat' dir='ltr'>iam</span> <span class='ocrx_word' id='word_1_27' title='bbox 496 502 545 541; x_wconf 90' lang='lat' dir='ltr'>te</span> <span class='ocrx_word' id='word_1_28' title='bbox 581 504 772 556; x_wconf 90' lang='lat' dir='ltr'><strong>premet</strong></span> <span class='ocrx_word' id='word_1_29' title='bbox 808 511 907 542; x_wconf 88' lang='lat' dir='ltr'>nox</span> <span class='ocrx_word' id='word_1_30' title='bbox 942 494 1234 556; x_wconf 87' lang='lat' dir='ltr'>fabulaeque</span> <span class='ocrx_word' id='word_1_31' title='bbox 1269 509 1440 542; x_wconf 87' lang='lat' dir='ltr'>manes</span> 
     </span>
    </p>

    <p class='ocr_par' dir='ltr' id='par_1_5' title="bbox 227 574 1516 720">
     <span class='ocr_line' id='line_1_7' title="bbox 227 574 1516 642; baseline -0.002 -17"><span class='ocrx_word' id='word_1_32' title='bbox 227 584 277 625; x_wconf 90' lang='lat' dir='ltr'>et</span> <span class='ocrx_word' id='word_1_33' title='bbox 311 576 491 624; x_wconf 90' lang='lat' dir='ltr'>domus</span> <span class='ocrx_word' id='word_1_34' title='bbox 529 574 665 623; x_wconf 87' lang='lat' dir='ltr'>exilis</span> <span class='ocrx_word' id='word_1_35' title='bbox 702 576 963 624; x_wconf 86' lang='lat' dir='ltr'><strong>Plutonia:</strong></span> <span class='ocrx_word' id='word_1_36' title='bbox 1006 591 1108 642; x_wconf 76' lang='lat' dir='ltr'>quo</span> <span class='ocrx_word' id='word_1_37' title='bbox 1145 575 1291 623; x_wconf 90' lang='lat' dir='ltr'>simul</span> <span class='ocrx_word' id='word_1_38' title='bbox 1326 574 1516 633; x_wconf 88' lang='lat' dir='ltr'>mearis,</span> 
     </span>
     <span class='ocr_line' id='line_1_8' title="bbox 360 656 1159 720; baseline 0 -16"><span class='ocrx_word' id='word_1_39' title='bbox 360 673 455 705; x_wconf 88' lang='lat' dir='ltr'>nec</span> <span class='ocrx_word' id='word_1_40' title='bbox 490 673 640 720; x_wconf 87' lang='lat' dir='ltr'>regna</span> <span class='ocrx_word' id='word_1_41' title='bbox 675 657 776 704; x_wconf 81' lang='lat' dir='ltr'>vini</span> <span class='ocrx_word' id='word_1_42' title='bbox 812 658 1014 713; x_wconf 81' lang='lat' dir='ltr'>sortiere</span> <span class='ocrx_word' id='word_1_43' title='bbox 1050 656 1159 704; x_wconf 91' lang='lat' dir='ltr'>talis</span> 
     </span>
    </p>

    <p class='ocr_par' dir='ltr' id='par_1_6' title="bbox 228 736 1834 882">
     <span class='ocr_line' id='line_1_9' title="bbox 228 736 1698 801; baseline 0 -14"><span class='ocrx_word' id='word_1_44' title='bbox 228 754 321 787; x_wconf 91' lang='lat' dir='ltr'>nec</span> <span class='ocrx_word' id='word_1_45' title='bbox 355 746 580 786; x_wconf 89' lang='lat' dir='ltr'>tenerum</span> <span class='ocrx_word' id='word_1_46' title='bbox 617 738 840 801; x_wconf 88' lang='lat' dir='ltr'><strong>Lycidan</strong></span> <span class='ocrx_word' id='word_1_47' title='bbox 875 737 1130 796; x_wconf 87' lang='lat' dir='ltr'>mirabere,</span> <span class='ocrx_word' id='word_1_48' title='bbox 1169 753 1270 800; x_wconf 93' lang='lat' dir='ltr'>quo</span> <span class='ocrx_word' id='word_1_49' title='bbox 1306 738 1434 785; x_wconf 88' lang='lat' dir='ltr'>calet</span> <span class='ocrx_word' id='word_1_50' title='bbox 1468 736 1698 787; x_wconf 89' lang='lat' dir='ltr'>iuventus</span> 
     </span>
     <span class='ocr_line' id='line_1_10' title="bbox 361 819 1834 882; baseline 0.001 -15"><span class='ocrx_word' id='word_1_51' title='bbox 361 835 497 868; x_wconf 89' lang='lat' dir='ltr'>nunc</span> <span class='ocrx_word' id='word_1_52' title='bbox 531 819 695 868; x_wconf 91' lang='lat' dir='ltr'>omnis</span> <span class='ocrx_word' id='word_1_53' title='bbox 730 830 780 868; x_wconf 92' lang='lat' dir='ltr'>et</span> <span class='ocrx_word' id='word_1_54' title='bbox 816 835 934 868; x_wconf 85' lang='lat' dir='ltr'>mox</span> <span class='ocrx_word' id='word_1_55' title='bbox 969 819 1178 882; x_wconf 86' lang='lat' dir='ltr'>virgines</span> <span class='ocrx_word' id='word_1_56' title='bbox 1215 821 1471 881; x_wconf 83' lang='lat' dir='ltr'>tepebunt.</span> <span class='ocrx_word' id='word_1_57' title='bbox 1783 839 1834 868; x_wconf 91' lang='lat'>20</span> 
     </span>
    </p>
   </div>
   <div class='ocr_carea' id='block_1_4' title="bbox 962 1139 1026 1190">
    <p class='ocr_par' dir='ltr' id='par_1_7' title="bbox 962 1139 1026 1190">
     <span class='ocr_line' id='line_1_11' title="bbox 962 1139 1026 1190; baseline 0.047 -3"><span class='ocrx_word' id='word_1_58' title='bbox 962 1139 1026 1190; x_wconf 91' lang='lat' dir='ltr'>V.</span> 
     </span>
    </p>
   </div>
   <div class='ocr_carea' id='block_1_5' title="bbox 432 1332 1455 1641">
    <p class='ocr_par' dir='ltr' id='par_1_8' title="bbox 432 1332 1455 1641">
     <span class='ocr_line' id='line_1_12' title="bbox 432 1332 1455 1399; baseline 0.003 -18"><span class='ocrx_word' id='word_1_59' title='bbox 432 1332 559 1395; x_wconf 87' lang='lat' dir='ltr'>Quis</span> <span class='ocrx_word' id='word_1_60' title='bbox 595 1334 751 1382; x_wconf 89' lang='lat' dir='ltr'>multa</span> <span class='ocrx_word' id='word_1_61' title='bbox 785 1333 977 1398; x_wconf 83' lang='lat' dir='ltr'>gracilis</span> <span class='ocrx_word' id='word_1_62' title='bbox 1016 1344 1063 1383; x_wconf 91' lang='lat' dir='ltr'>te</span> <span class='ocrx_word' id='word_1_63' title='bbox 1099 1352 1221 1399; x_wconf 91' lang='lat' dir='ltr'>puer</span> <span class='ocrx_word' id='word_1_64' title='bbox 1256 1337 1306 1383; x_wconf 89' lang='lat' dir='ltr'>in</span> <span class='ocrx_word' id='word_1_65' title='bbox 1343 1352 1455 1386; x_wconf 90' lang='lat' dir='ltr'>rosa</span> 
     </span>
     <span class='ocr_line' id='line_1_13' title="bbox 432 1415 1339 1479; baseline 0.006 -18"><span class='ocrx_word' id='word_1_66' title='bbox 432 1415 656 1476; x_wconf 88' lang='lat' dir='ltr'>perfusus</span> <span class='ocrx_word' id='word_1_67' title='bbox 692 1415 890 1477; x_wconf 88' lang='lat' dir='ltr'>liquidis</span> <span class='ocrx_word' id='word_1_68' title='bbox 926 1425 1065 1479; x_wconf 88' lang='lat' dir='ltr'>urget</span> <span class='ocrx_word' id='word_1_69' title='bbox 1101 1416 1339 1466; x_wconf 89' lang='lat' dir='ltr'>odoribus</span> 
     </span>
     <span class='ocr_line' id='line_1_14' title="bbox 501 1497 1240 1558; baseline 0.005 -15"><span class='ocrx_word' id='word_1_70' title='bbox 501 1506 655 1558; x_wconf 89' lang='lat' dir='ltr'>grato,</span> <span class='ocrx_word' id='word_1_71' title='bbox 696 1497 892 1558; x_wconf 87' lang='lat' dir='ltr'>Pyrrha,</span> <span class='ocrx_word' id='word_1_72' title='bbox 930 1498 1023 1545; x_wconf 94' lang='lat' dir='ltr'>sub</span> <span class='ocrx_word' id='word_1_73' title='bbox 1060 1501 1240 1547; x_wconf 87' lang='lat' dir='ltr'>antro?</span> 
     </span>
     <span class='ocr_line' id='line_1_15' title="bbox 569 1576 1323 1641; baseline 0.005 -17"><span class='ocrx_word' id='word_1_74' title='bbox 569 1577 650 1624; x_wconf 91' lang='lat' dir='ltr'>cui</span> <span class='ocrx_word' id='word_1_75' title='bbox 687 1577 863 1625; x_wconf 88' lang='lat' dir='ltr'>flavam</span> <span class='ocrx_word' id='word_1_76' title='bbox 901 1576 1075 1641; x_wconf 87' lang='lat' dir='ltr'>religas</span> <span class='ocrx_word' id='word_1_77' title='bbox 1110 1595 1323 1638; x_wconf 91' lang='lat' dir='ltr'>comam,</span> 
     </span>
    </p>
   </div>
   <div class='ocr_carea' id='block_1_6' title="bbox 433 1727 1835 2033">
    <p class='ocr_par' dir='ltr' id='par_1_9' title="bbox 433 1727 1835 2033">
     <span class='ocr_line' id='line_1_16' title="bbox 434 1727 1835 1793; baseline 0.004 -18"><span class='ocrx_word' id='word_1_78' title='bbox 434 1727 641 1790; x_wconf 85' lang='lat' dir='ltr'>simplex</span> <span class='ocrx_word' id='word_1_79' title='bbox 676 1727 966 1777; x_wconf 87' lang='lat' dir='ltr'>munditiis?</span> <span class='ocrx_word' id='word_1_80' title='bbox 1013 1730 1109 1778; x_wconf 91' lang='lat' dir='ltr'>heu</span> <span class='ocrx_word' id='word_1_81' title='bbox 1145 1729 1376 1792; x_wconf 88' lang='lat' dir='ltr'>quotiens</span> <span class='ocrx_word' id='word_1_82' title='bbox 1412 1732 1563 1781; x_wconf 88' lang='lat' dir='ltr'>fidem</span> <span class='ocrx_word' id='word_1_83' title='bbox 1813 1749 1835 1793; x_wconf 87' lang='lat'>5</span> 
     </span>
     <span class='ocr_line' id='line_1_17' title="bbox 433 1810 1373 1874; baseline 0.003 -17"><span class='ocrx_word' id='word_1_84' title='bbox 433 1818 747 1872; x_wconf 90' lang='lat' dir='ltr'>mutatosque</span> <span class='ocrx_word' id='word_1_85' title='bbox 783 1810 906 1858; x_wconf 93' lang='lat' dir='ltr'>deos</span> <span class='ocrx_word' id='word_1_86' title='bbox 943 1810 1078 1858; x_wconf 88' lang='lat' dir='ltr'>flebit</span> <span class='ocrx_word' id='word_1_87' title='bbox 1114 1820 1164 1859; x_wconf 90' lang='lat' dir='ltr'>et</span> <span class='ocrx_word' id='word_1_88' title='bbox 1199 1827 1373 1874; x_wconf 88' lang='lat' dir='ltr'>aspera</span> 
     </span>
     <span class='ocr_line' id='line_1_18' title="bbox 502 1888 1098 1952; baseline 0.005 -16"><span class='ocrx_word' id='word_1_89' title='bbox 502 1888 649 1952; x_wconf 87' lang='lat' dir='ltr'>nigris</span> <span class='ocrx_word' id='word_1_90' title='bbox 684 1905 904 1952; x_wconf 90' lang='lat' dir='ltr'>aequora</span> <span class='ocrx_word' id='word_1_91' title='bbox 938 1891 1098 1940; x_wconf 91' lang='lat' dir='ltr'>ventis</span> 
     </span>
     <span class='ocr_line' id='line_1_19' title="bbox 568 1969 1123 2033; baseline 0.004 -13"><span class='ocrx_word' id='word_1_92' title='bbox 568 1969 854 2020; x_wconf 86' lang='lat' dir='ltr'>emirabitur</span> <span class='ocrx_word' id='word_1_93' title='bbox 890 1972 1123 2033; x_wconf 92' lang='lat' dir='ltr'>insolens,</span> 
     </span>
    </p>
   </div>
   <div class='ocr_carea' id='block_1_7' title="bbox 433 2121 1841 2431">
    <p class='ocr_par' dir='ltr' id='par_1_10' title="bbox 433 2121 1841 2431">
     <span class='ocr_line' id='line_1_20' title="bbox 433 2121 1442 2184; baseline 0.004 -14"><span class='ocrx_word' id='word_1_94' title='bbox 433 2121 520 2184; x_wconf 91' lang='lat' dir='ltr'>qui</span> <span class='ocrx_word' id='word_1_95' title='bbox 556 2138 692 2170; x_wconf 91' lang='lat' dir='ltr'>nunc</span> <span class='ocrx_word' id='word_1_96' title='bbox 726 2132 775 2172; x_wconf 92' lang='lat' dir='ltr'>te</span> <span class='ocrx_word' id='word_1_97' title='bbox 811 2123 983 2172; x_wconf 91' lang='lat' dir='ltr'>fruitur</span> <span class='ocrx_word' id='word_1_98' title='bbox 1018 2124 1248 2173; x_wconf 89' lang='lat' dir='ltr'>credulus</span> <span class='ocrx_word' id='word_1_99' title='bbox 1283 2141 1442 2184; x_wconf 89' lang='lat' dir='ltr'>aurea,</span> 
     </span>
     <span class='ocr_line' id='line_1_21' title="bbox 433 2202 1841 2269; baseline 0.004 -18"><span class='ocrx_word' id='word_1_100' title='bbox 433 2202 518 2266; x_wconf 89' lang='lat' dir='ltr'>qui</span> <span class='ocrx_word' id='word_1_101' title='bbox 554 2219 748 2266; x_wconf 88' lang='lat' dir='ltr'>semper</span> <span class='ocrx_word' id='word_1_102' title='bbox 782 2220 1004 2264; x_wconf 90' lang='lat' dir='ltr'>vacuam,</span> <span class='ocrx_word' id='word_1_103' title='bbox 1043 2222 1239 2269; x_wconf 88' lang='lat' dir='ltr'>semper</span> <span class='ocrx_word' id='word_1_104' title='bbox 1272 2207 1537 2256; x_wconf 83' lang='lat' dir='ltr'>amabilem</span> <span class='ocrx_word' id='word_1_105' title='bbox 1791 2227 1841 2256; x_wconf 91' lang='lat'>10</span> 
     </span>
     <span class='ocr_line' id='line_1_22' title="bbox 502 2286 1096 2349; baseline 0.003 -15"><span class='ocrx_word' id='word_1_106' title='bbox 502 2295 678 2349; x_wconf 89' lang='lat' dir='ltr'>sperat,</span> <span class='ocrx_word' id='word_1_107' title='bbox 715 2286 913 2334; x_wconf 89' lang='lat' dir='ltr'>nescius</span> <span class='ocrx_word' id='word_1_108' title='bbox 948 2303 1096 2336; x_wconf 92' lang='lat' dir='ltr'>aurae</span> 
     </span>
     <span class='ocr_line' id='line_1_23' title="bbox 570 2365 1238 2431; baseline 0.004 -17"><span class='ocrx_word' id='word_1_109' title='bbox 570 2366 765 2415; x_wconf 88' lang='lat' dir='ltr'>fallacis.</span> <span class='ocrx_word' id='word_1_110' title='bbox 841 2365 1019 2427; x_wconf 89' lang='lat' dir='ltr'>miseri,</span> <span class='ocrx_word' id='word_1_111' title='bbox 1058 2367 1238 2431; x_wconf 91' lang='lat' dir='ltr'>quibus</span> 
     </span>
    </p>
   </div>
   <div class='ocr_carea' id='block_1_8' title="bbox 435 2518 1837 2812">
    <p class='ocr_par' dir='ltr' id='par_1_11' title="bbox 435 2518 1837 2812">
     <span class='ocr_line' id='line_1_24' title="bbox 435 2518 1435 2581; baseline 0.001 -14"><span class='ocrx_word' id='word_1_112' title='bbox 435 2518 731 2581; x_wconf 89' lang='lat' dir='ltr'>intemptata</span> <span class='ocrx_word' id='word_1_113' title='bbox 765 2519 923 2569; x_wconf 87' lang='lat' dir='ltr'>nites:</span> <span class='ocrx_word' id='word_1_114' title='bbox 970 2535 1051 2569; x_wconf 88' lang='lat' dir='ltr'>me</span> <span class='ocrx_word' id='word_1_115' title='bbox 1089 2519 1260 2569; x_wconf 90' lang='lat' dir='ltr'>tabula</span> <span class='ocrx_word' id='word_1_116' title='bbox 1295 2535 1435 2569; x_wconf 90' lang='lat' dir='ltr'>sacer</span> 
     </span>
     <span class='ocr_line' id='line_1_25' title="bbox 436 2598 1202 2664; baseline 0.001 -15"><span class='ocrx_word' id='word_1_117' title='bbox 436 2600 600 2649; x_wconf 90' lang='lat' dir='ltr'>votiva</span> <span class='ocrx_word' id='word_1_118' title='bbox 634 2599 795 2664; x_wconf 86' lang='lat' dir='ltr'>pan&#39;es</span> <span class='ocrx_word' id='word_1_119' title='bbox 829 2598 1017 2650; x_wconf 91' lang='lat' dir='ltr'>indicat</span> <span class='ocrx_word' id='word_1_120' title='bbox 1052 2601 1202 2650; x_wconf 89' lang='lat' dir='ltr'>uvida</span> 
     </span>
     <span class='ocr_line' id='line_1_26' title="bbox 503 2680 1837 2745; baseline 0.002 -15"><span class='ocrx_word' id='word_1_121' title='bbox 503 2680 822 2744; x_wconf 87' lang='lat' dir='ltr'>suspendisse</span> <span class='ocrx_word' id='word_1_122' title='bbox 856 2680 1051 2745; x_wconf 88' lang='lat' dir='ltr'>potenti</span> <span class='ocrx_word' id='word_1_123' title='bbox 1782 2692 1837 2745; x_wconf 79' lang='lat'>&#39;15</span> 
     </span>
     <span class='ocr_line' id='line_1_27' title="bbox 571 2762 1190 2812; baseline -0.002 -2"><span class='ocrx_word' id='word_1_124' title='bbox 571 2762 862 2811; x_wconf 90' lang='lat' dir='ltr'>vestimenta</span> <span class='ocrx_word' id='word_1_125' title='bbox 898 2763 1043 2810; x_wconf 89' lang='lat' dir='ltr'>maris</span> <span class='ocrx_word' id='word_1_126' title='bbox 1079 2763 1190 2812; x_wconf 90' lang='lat' dir='ltr'>deo.</span> 
     </span>
    </p>
   </div>
  </div>
 </body>
</html>
