<?xml version="1.0" encoding="UTF-8"?>
<!DOCTYPE html PUBLIC "-//W3C//DTD XHTML 1.0 Transitional//EN"
    "http://www.w3.org/TR/xhtml1/DTD/xhtml1-transitional.dtd">
<html xmlns="http://www.w3.org/1999/xhtml" xml:lang="en" lang="en">
 <head>
  <title>
</title>
<meta http-equiv="Content-Type" content="text/html;charset=utf-8" />
  <meta name='ocr-system' content='tesseract 3.04.00' />
  <meta name='ocr-capabilities' content='ocr_page ocr_carea ocr_par ocr_line ocrx_word'/>
</head>
<body>
  <div class='ocr_page' id='page_1' title='image "./carminaliberepod00horauoft_0178.png"; bbox 0 0 1930 3060; ppageno 0'>
   <div class='ocr_carea' id='block_1_1' title="bbox 168 148 267 201">
    <p class='ocr_par' dir='ltr' id='par_1_1' title="bbox 168 148 267 201">
     <span class='ocr_line' id='line_1_1' title="bbox 168 148 267 201; baseline -0.02 1"><span class='ocrx_word' id='word_1_1' title='bbox 168 148 267 201; x_wconf 88' lang='lat'><strong>134</strong></span> 
     </span>
    </p>
   </div>
   <div class='ocr_carea' id='block_1_2' title="bbox 736 145 1261 188">
    <p class='ocr_par' dir='ltr' id='par_1_2' title="bbox 736 145 1261 188">
     <span class='ocr_line' id='line_1_2' title="bbox 736 145 1261 188; baseline 0 -1"><span class='ocrx_word' id='word_1_2' title='bbox 736 145 975 188; x_wconf 83' lang='lat' dir='ltr'>HORATI</span> <span class='ocrx_word' id='word_1_3' title='bbox 1016 146 1261 188; x_wconf 89' lang='lat' dir='ltr'><strong>EPODON</strong></span> 
     </span>
    </p>
   </div>
   <div class='ocr_carea' id='block_1_3' title="bbox 430 269 1672 2843">
    <p class='ocr_par' dir='ltr' id='par_1_3' title="bbox 430 269 1663 416">
     <span class='ocr_line' id='line_1_3' title="bbox 430 269 1663 333; baseline 0.001 -16"><span class='ocrx_word' id='word_1_4' title='bbox 430 285 544 317; x_wconf 92' lang='lat' dir='ltr'><strong>cum</strong></span> <span class='ocrx_word' id='word_1_5' title='bbox 580 269 881 332; x_wconf 87' lang='lat' dir='ltr'><strong>promineret</strong></span> <span class='ocrx_word' id='word_1_6' title='bbox 916 287 1014 328; x_wconf 92' lang='lat' dir='ltr'><strong>ore,</strong></span> <span class='ocrx_word' id='word_1_7' title='bbox 1053 279 1295 333; x_wconf 88' lang='lat' dir='ltr'><strong>quantum</strong></span> <span class='ocrx_word' id='word_1_8' title='bbox 1333 278 1501 319; x_wconf 85' lang='lat' dir='ltr'>extant</span> <span class='ocrx_word' id='word_1_9' title='bbox 1535 285 1663 333; x_wconf 88' lang='lat' dir='ltr'><strong>aqua</strong></span> 
     </span>
     <span class='ocr_line' id='line_1_4' title="bbox 567 360 1286 416; baseline 0.001 -18"><span class='ocrx_word' id='word_1_10' title='bbox 567 365 807 416; x_wconf 77' lang='lat' dir='ltr'><strong>suspensa</strong></span> <span class='ocrx_word' id='word_1_11' title='bbox 842 360 1013 399; x_wconf 91' lang='lat' dir='ltr'><strong>mento</strong></span> <span class='ocrx_word' id='word_1_12' title='bbox 1050 367 1286 413; x_wconf 89' lang='lat' dir='ltr'><strong>corpora:</strong></span> 
     </span>
    </p>

    <p class='ocr_par' dir='ltr' id='par_1_4' title="bbox 433 430 1473 575">
     <span class='ocr_line' id='line_1_5' title="bbox 433 430 1473 483; baseline 0 -4"><span class='ocrx_word' id='word_1_13' title='bbox 433 440 632 479; x_wconf 89' lang='lat' dir='ltr'><strong>exsucta</strong></span> <span class='ocrx_word' id='word_1_14' title='bbox 667 430 737 478; x_wconf 93' lang='lat' dir='ltr'><strong>uti</strong></span> <span class='ocrx_word' id='word_1_15' title='bbox 773 432 993 480; x_wconf 84' lang='lat' dir='ltr'>medulla</span> <span class='ocrx_word' id='word_1_16' title='bbox 1029 441 1077 480; x_wconf 91' lang='lat' dir='ltr'><strong>et</strong></span> <span class='ocrx_word' id='word_1_17' title='bbox 1112 430 1304 481; x_wconf 90' lang='lat' dir='ltr'><strong>aridum</strong></span> <span class='ocrx_word' id='word_1_18' title='bbox 1341 431 1473 483; x_wconf 86' lang='lat' dir='ltr'><strong>iecur</strong></span> 
     </span>
     <span class='ocr_line' id='line_1_6' title="bbox 567 510 1196 575; baseline 0.003 -18"><span class='ocrx_word' id='word_1_19' title='bbox 567 510 747 559; x_wconf 91' lang='lat' dir='ltr'><strong>amoris</strong></span> <span class='ocrx_word' id='word_1_20' title='bbox 782 520 911 559; x_wconf 88' lang='lat' dir='ltr'><strong>esset</strong></span> <span class='ocrx_word' id='word_1_21' title='bbox 946 513 1196 575; x_wconf 91' lang='lat' dir='ltr'><strong>poculum,</strong></span> 
     </span>
    </p>

    <p class='ocr_par' dir='ltr' id='par_1_5' title="bbox 433 589 1395 735">
     <span class='ocr_line' id='line_1_7' title="bbox 433 589 1395 641; baseline 0.002 -3"><span class='ocrx_word' id='word_1_22' title='bbox 433 589 747 640; x_wconf 89' lang='lat' dir='ltr'><strong>interminato</strong></span> <span class='ocrx_word' id='word_1_23' title='bbox 782 608 896 639; x_wconf 90' lang='lat' dir='ltr'><strong>cum</strong></span> <span class='ocrx_word' id='word_1_24' title='bbox 933 593 1087 640; x_wconf 90' lang='lat' dir='ltr'><strong>semel</strong></span> <span class='ocrx_word' id='word_1_25' title='bbox 1122 593 1246 640; x_wconf 87' lang='lat' dir='ltr'><strong>fixae</strong></span> <span class='ocrx_word' id='word_1_26' title='bbox 1282 592 1395 641; x_wconf 93' lang='lat' dir='ltr'><strong>cibo</strong></span> 
     </span>
     <span class='ocr_line' id='line_1_8' title="bbox 569 670 1160 735; baseline 0 -16"><span class='ocrx_word' id='word_1_27' title='bbox 569 670 896 732; x_wconf 85' lang='lat' dir='ltr'><strong>intabuissent</strong></span> <span class='ocrx_word' id='word_1_28' title='bbox 930 673 1160 735; x_wconf 89' lang='lat' dir='ltr'><strong>pupulae.</strong></span> 
     </span>
    </p>

    <p class='ocr_par' dir='ltr' id='par_1_6' title="bbox 437 751 1330 884">
     <span class='ocr_line' id='line_1_9' title="bbox 437 751 1330 802; baseline 0.001 -3"><span class='ocrx_word' id='word_1_29' title='bbox 437 767 538 799; x_wconf 90' lang='lat' dir='ltr'><strong>non</strong></span> <span class='ocrx_word' id='word_1_30' title='bbox 576 751 792 801; x_wconf 90' lang='lat' dir='ltr'><strong>defuisse</strong></span> <span class='ocrx_word' id='word_1_31' title='bbox 827 754 1076 802; x_wconf 85' lang='lat' dir='ltr'><strong>masculae</strong></span> <span class='ocrx_word' id='word_1_32' title='bbox 1111 751 1330 802; x_wconf 89' lang='lat' dir='ltr'><strong>libidinis</strong></span> 
     </span>
     <span class='ocr_line' id='line_1_10' title="bbox 571 833 1160 884; baseline 0.003 -3"><span class='ocrx_word' id='word_1_33' title='bbox 571 833 932 884; x_wconf 90' lang='lat' dir='ltr'><strong>Ariminensem</strong></span> <span class='ocrx_word' id='word_1_34' title='bbox 970 835 1160 884; x_wconf 88' lang='lat' dir='ltr'><strong>Foliam</strong></span> 
     </span>
    </p>

    <p class='ocr_par' dir='ltr' id='par_1_7' title="bbox 437 914 1348 1061">
     <span class='ocr_line' id='line_1_11' title="bbox 437 914 1197 980; baseline 0.001 -17"><span class='ocrx_word' id='word_1_35' title='bbox 437 923 485 964; x_wconf 86' lang='lat' dir='ltr'><strong>et</strong></span> <span class='ocrx_word' id='word_1_36' title='bbox 520 914 678 964; x_wconf 90' lang='lat' dir='ltr'><strong>otiosa</strong></span> <span class='ocrx_word' id='word_1_37' title='bbox 714 916 922 965; x_wconf 91' lang='lat' dir='ltr'><strong>credidit</strong></span> <span class='ocrx_word' id='word_1_38' title='bbox 958 916 1197 980; x_wconf 89' lang='lat' dir='ltr'><strong>Neapolis</strong></span> 
     </span>
     <span class='ocr_line' id='line_1_12' title="bbox 571 997 1348 1061; baseline -0.001 -15"><span class='ocrx_word' id='word_1_39' title='bbox 571 1007 620 1046; x_wconf 92' lang='lat' dir='ltr'><strong>et</strong></span> <span class='ocrx_word' id='word_1_40' title='bbox 655 1014 805 1046; x_wconf 90' lang='lat' dir='ltr'><strong>omne</strong></span> <span class='ocrx_word' id='word_1_41' title='bbox 839 997 1055 1046; x_wconf 87' lang='lat' dir='ltr'><strong>vicinum</strong></span> <span class='ocrx_word' id='word_1_42' title='bbox 1091 999 1348 1061; x_wconf 89' lang='lat' dir='ltr'><strong>oppidum,</strong></span> 
     </span>
    </p>

    <p class='ocr_par' dir='ltr' id='par_1_8' title="bbox 437 1079 1489 1226">
     <span class='ocr_line' id='line_1_13' title="bbox 437 1079 1489 1141; baseline 0.001 -14"><span class='ocrx_word' id='word_1_43' title='bbox 437 1095 563 1141; x_wconf 92' lang='lat' dir='ltr'><strong>quae</strong></span> <span class='ocrx_word' id='word_1_44' title='bbox 598 1079 759 1128; x_wconf 92' lang='lat' dir='ltr'><strong>sidera</strong></span> <span class='ocrx_word' id='word_1_45' title='bbox 794 1089 1053 1129; x_wconf 88' lang='lat' dir='ltr'><strong>excantata</strong></span> <span class='ocrx_word' id='word_1_46' title='bbox 1088 1096 1212 1129; x_wconf 88' lang='lat' dir='ltr'><strong>voce</strong></span> <span class='ocrx_word' id='word_1_47' title='bbox 1246 1080 1489 1129; x_wconf 89' lang='lat' dir='ltr'><strong>Thessala</strong></span> 
     </span>
     <span class='ocr_line' id='line_1_14' title="bbox 572 1160 1238 1226; baseline 0.002 -20"><span class='ocrx_word' id='word_1_48' title='bbox 572 1160 840 1222; x_wconf 89' lang='lat' dir='ltr'><strong>lunamque</strong></span> <span class='ocrx_word' id='word_1_49' title='bbox 875 1161 1014 1209; x_wconf 89' lang='lat' dir='ltr'><strong>caelo</strong></span> <span class='ocrx_word' id='word_1_50' title='bbox 1051 1160 1238 1226; x_wconf 85' lang='lat' dir='ltr'><strong>deripit.</strong></span> 
     </span>
    </p>

    <p class='ocr_par' dir='ltr' id='par_1_9' title="bbox 438 1239 1388 1384">
     <span class='ocr_line' id='line_1_15' title="bbox 438 1239 1388 1290; baseline 0.001 -1"><span class='ocrx_word' id='word_1_51' title='bbox 438 1239 518 1290; x_wconf 93' lang='lat' dir='ltr'><strong>hic</strong></span> <span class='ocrx_word' id='word_1_52' title='bbox 552 1240 834 1290; x_wconf 90' lang='lat' dir='ltr'><strong>irresectum</strong></span> <span class='ocrx_word' id='word_1_53' title='bbox 871 1257 1018 1290; x_wconf 88' lang='lat' dir='ltr'><strong>saeva</strong></span> <span class='ocrx_word' id='word_1_54' title='bbox 1052 1242 1202 1290; x_wconf 90' lang='lat' dir='ltr'><strong>dente</strong></span> <span class='ocrx_word' id='word_1_55' title='bbox 1236 1240 1388 1290; x_wconf 92' lang='lat' dir='ltr'><strong>livido</strong></span> 
     </span>
     <span class='ocr_line' id='line_1_16' title="bbox 575 1320 1267 1384; baseline 0 -14"><span class='ocrx_word' id='word_1_56' title='bbox 575 1320 786 1370; x_wconf 89' lang='lat' dir='ltr'><strong>Canidia</strong></span> <span class='ocrx_word' id='word_1_57' title='bbox 819 1323 999 1371; x_wconf 90' lang='lat' dir='ltr'><strong>rodens</strong></span> <span class='ocrx_word' id='word_1_58' title='bbox 1035 1321 1267 1384; x_wconf 91' lang='lat' dir='ltr'><strong>pollicem</strong></span> 
     </span>
    </p>

    <p class='ocr_par' dir='ltr' id='par_1_10' title="bbox 439 1401 1667 1543">
     <span class='ocr_line' id='line_1_17' title="bbox 439 1401 1667 1466; baseline 0 -15"><span class='ocrx_word' id='word_1_59' title='bbox 439 1403 560 1466; x_wconf 92' lang='lat' dir='ltr'><strong>quid</strong></span> <span class='ocrx_word' id='word_1_60' title='bbox 597 1402 717 1452; x_wconf 89' lang='lat' dir='ltr'><strong>dixit</strong></span> <span class='ocrx_word' id='word_1_61' title='bbox 751 1412 838 1451; x_wconf 91' lang='lat' dir='ltr'><strong>aut</strong></span> <span class='ocrx_word' id='word_1_62' title='bbox 873 1402 994 1466; x_wconf 93' lang='lat' dir='ltr'><strong>quid</strong></span> <span class='ocrx_word' id='word_1_63' title='bbox 1031 1402 1222 1451; x_wconf 85' lang='lat' dir='ltr'><strong>tacuit?</strong></span> <span class='ocrx_word' id='word_1_64' title='bbox 1270 1406 1328 1451; x_wconf 90' lang='lat' dir='ltr'><strong>‘o</strong></span> <span class='ocrx_word' id='word_1_65' title='bbox 1363 1403 1511 1452; x_wconf 93' lang='lat' dir='ltr'><strong>rebus</strong></span> <span class='ocrx_word' id='word_1_66' title='bbox 1545 1401 1667 1452; x_wconf 90' lang='lat' dir='ltr'><strong>meis</strong></span> 
     </span>
     <span class='ocr_line' id='line_1_18' title="bbox 575 1482 1194 1543; baseline 0 -10"><span class='ocrx_word' id='word_1_67' title='bbox 575 1502 678 1534; x_wconf 92' lang='lat' dir='ltr'><strong>non</strong></span> <span class='ocrx_word' id='word_1_68' title='bbox 713 1484 937 1534; x_wconf 93' lang='lat' dir='ltr'><strong>infideles</strong></span> <span class='ocrx_word' id='word_1_69' title='bbox 972 1482 1194 1543; x_wconf 88' lang='lat' dir='ltr'><strong>arbitrae‚</strong></span> 
     </span>
    </p>

    <p class='ocr_par' dir='ltr' id='par_1_11' title="bbox 442 1562 1464 1703">
     <span class='ocr_line' id='line_1_19' title="bbox 442 1562 1464 1628; baseline 0 -15"><span class='ocrx_word' id='word_1_70' title='bbox 442 1566 557 1613; x_wconf 93' lang='lat' dir='ltr'><strong>Nox</strong></span> <span class='ocrx_word' id='word_1_71' title='bbox 593 1574 642 1614; x_wconf 93' lang='lat' dir='ltr'><strong>et</strong></span> <span class='ocrx_word' id='word_1_72' title='bbox 679 1565 856 1626; x_wconf 89' lang='lat' dir='ltr'><strong>Diana,</strong></span> <span class='ocrx_word' id='word_1_73' title='bbox 894 1581 1020 1627; x_wconf 91' lang='lat' dir='ltr'><strong>quae</strong></span> <span class='ocrx_word' id='word_1_74' title='bbox 1056 1562 1303 1613; x_wconf 89' lang='lat' dir='ltr'><strong>silentium</strong></span> <span class='ocrx_word' id='word_1_75' title='bbox 1339 1562 1464 1628; x_wconf 92' lang='lat' dir='ltr'><strong>regis</strong></span> 
     </span>
     <span class='ocr_line' id='line_1_20' title="bbox 575 1646 1243 1703; baseline -0.003 -9"><span class='ocrx_word' id='word_1_76' title='bbox 575 1662 753 1694; x_wconf 89' lang='lat' dir='ltr'><strong>arcana</strong></span> <span class='ocrx_word' id='word_1_77' title='bbox 787 1656 901 1694; x_wconf 90' lang='lat' dir='ltr'><strong>cum</strong></span> <span class='ocrx_word' id='word_1_78' title='bbox 936 1646 1059 1693; x_wconf 87' lang='lat' dir='ltr'><strong>fiunt</strong></span> <span class='ocrx_word' id='word_1_79' title='bbox 1079 1659 1243 1703; x_wconf 84' lang='lat' dir='ltr'><strong>sacra,</strong></span> 
     </span>
    </p>

    <p class='ocr_par' dir='ltr' id='par_1_12' title="bbox 443 1723 1672 1870">
     <span class='ocr_line' id='line_1_21' title="bbox 443 1723 1672 1786; baseline -0.001 -12"><span class='ocrx_word' id='word_1_80' title='bbox 443 1742 588 1786; x_wconf 91' lang='lat' dir='ltr'><strong>nunc,</strong></span> <span class='ocrx_word' id='word_1_81' title='bbox 626 1743 760 1774; x_wconf 89' lang='lat' dir='ltr'><strong>nunc</strong></span> <span class='ocrx_word' id='word_1_82' title='bbox 793 1726 978 1786; x_wconf 90' lang='lat' dir='ltr'><strong>adeste,</strong></span> <span class='ocrx_word' id='word_1_83' title='bbox 1016 1741 1150 1774; x_wconf 88' lang='lat' dir='ltr'><strong>nunc</strong></span> <span class='ocrx_word' id='word_1_84' title='bbox 1183 1725 1235 1773; x_wconf 91' lang='lat' dir='ltr'><strong>in</strong></span> <span class='ocrx_word' id='word_1_85' title='bbox 1270 1723 1460 1775; x_wconf 89' lang='lat' dir='ltr'><strong>hostilis</strong></span> <span class='ocrx_word' id='word_1_86' title='bbox 1494 1725 1672 1774; x_wconf 91' lang='lat' dir='ltr'><strong>domos</strong></span> 
     </span>
     <span class='ocr_line' id='line_1_22' title="bbox 576 1806 1324 1870; baseline 0 -14"><span class='ocrx_word' id='word_1_87' title='bbox 576 1807 696 1856; x_wconf 89' lang='lat' dir='ltr'><strong>iram</strong></span> <span class='ocrx_word' id='word_1_88' title='bbox 733 1816 882 1870; x_wconf 89' lang='lat' dir='ltr'><strong>atque</strong></span> <span class='ocrx_word' id='word_1_89' title='bbox 918 1823 1102 1855; x_wconf 91' lang='lat' dir='ltr'><strong>numen</strong></span> <span class='ocrx_word' id='word_1_90' title='bbox 1137 1806 1324 1864; x_wconf 87' lang='lat' dir='ltr'><strong>vertite,</strong></span> 
     </span>
    </p>

    <p class='ocr_par' dir='ltr' id='par_1_13' title="bbox 442 1887 1445 2033">
     <span class='ocr_line' id='line_1_23' title="bbox 442 1887 1445 1938; baseline 0.001 -1"><span class='ocrx_word' id='word_1_91' title='bbox 442 1888 773 1937; x_wconf 83' lang='lat' dir='ltr'><strong>formidulosis</strong></span> <span class='ocrx_word' id='word_1_92' title='bbox 807 1905 920 1936; x_wconf 90' lang='lat' dir='ltr'><strong>cum</strong></span> <span class='ocrx_word' id='word_1_93' title='bbox 959 1890 1112 1937; x_wconf 90' lang='lat' dir='ltr'><strong>latent</strong></span> <span class='ocrx_word' id='word_1_94' title='bbox 1147 1887 1280 1938; x_wconf 88' lang='lat' dir='ltr'><strong>silvis</strong></span> <span class='ocrx_word' id='word_1_95' title='bbox 1315 1890 1445 1938; x_wconf 87' lang='lat' dir='ltr'><strong>ferae</strong></span> 
     </span>
     <span class='ocr_line' id='line_1_24' title="bbox 578 1968 1233 2033; baseline 0.003 -15"><span class='ocrx_word' id='word_1_96' title='bbox 578 1969 709 2018; x_wconf 91' lang='lat' dir='ltr'><strong>dulci</strong></span> <span class='ocrx_word' id='word_1_97' title='bbox 744 1986 923 2032; x_wconf 90' lang='lat' dir='ltr'><strong>sopore</strong></span> <span class='ocrx_word' id='word_1_98' title='bbox 958 1968 1233 2033; x_wconf 84' lang='lat' dir='ltr'><strong>languidae.</strong></span> 
     </span>
    </p>

    <p class='ocr_par' dir='ltr' id='par_1_14' title="bbox 444 2051 1571 2191">
     <span class='ocr_line' id='line_1_25' title="bbox 444 2051 1571 2115; baseline -0.003 -14"><span class='ocrx_word' id='word_1_99' title='bbox 444 2068 631 2112; x_wconf 89' lang='lat' dir='ltr'><strong>senem,</strong></span> <span class='ocrx_word' id='word_1_100' title='bbox 669 2053 806 2115; x_wconf 91' lang='lat' dir='ltr'><strong>quod</strong></span> <span class='ocrx_word' id='word_1_101' title='bbox 843 2067 1016 2100; x_wconf 90' lang='lat' dir='ltr'><strong>omnes</strong></span> <span class='ocrx_word' id='word_1_102' title='bbox 1052 2051 1258 2111; x_wconf 89' lang='lat' dir='ltr'><strong>rideant,</strong></span> <span class='ocrx_word' id='word_1_103' title='bbox 1295 2052 1571 2100; x_wconf 90' lang='lat' dir='ltr'><strong>adulterum</strong></span> 
     </span>
     <span class='ocr_line' id='line_1_26' title="bbox 579 2128 1272 2191; baseline 0.001 -11"><span class='ocrx_word' id='word_1_104' title='bbox 579 2134 756 2182; x_wconf 89' lang='lat' dir='ltr'><strong>latrant</strong></span> <span class='ocrx_word' id='word_1_105' title='bbox 790 2128 1075 2182; x_wconf 90' lang='lat' dir='ltr'><strong>Suburanae</strong></span> <span class='ocrx_word' id='word_1_106' title='bbox 1111 2148 1272 2191; x_wconf 84' lang='lat' dir='ltr'><strong>caneS,</strong></span> 
     </span>
    </p>

    <p class='ocr_par' dir='ltr' id='par_1_15' title="bbox 445 2213 1562 2348">
     <span class='ocr_line' id='line_1_27' title="bbox 445 2213 1562 2279; baseline -0.003 -14"><span class='ocrx_word' id='word_1_107' title='bbox 445 2218 603 2265; x_wconf 89' lang='lat' dir='ltr'><strong>nardo</strong></span> <span class='ocrx_word' id='word_1_108' title='bbox 638 2225 943 2279; x_wconf 90' lang='lat' dir='ltr'><strong>perunctum,</strong></span> <span class='ocrx_word' id='word_1_109' title='bbox 982 2217 1128 2278; x_wconf 89' lang='lat' dir='ltr'><strong>quale</strong></span> <span class='ocrx_word' id='word_1_110' title='bbox 1163 2231 1264 2263; x_wconf 92' lang='lat' dir='ltr'><strong>non</strong></span> <span class='ocrx_word' id='word_1_111' title='bbox 1300 2213 1562 2278; x_wconf 88' lang='lat' dir='ltr'><strong>perfectius</strong></span> 
     </span>
     <span class='ocr_line' id='line_1_28' title="bbox 583 2298 1246 2348; baseline -0.002 -2"><span class='ocrx_word' id='word_1_112' title='bbox 583 2315 723 2348; x_wconf 89' lang='lat' dir='ltr'><strong>meae</strong></span> <span class='ocrx_word' id='word_1_113' title='bbox 758 2298 1022 2347; x_wconf 88' lang='lat' dir='ltr'><strong>laborarint</strong></span> <span class='ocrx_word' id='word_1_114' title='bbox 1056 2313 1246 2346; x_wconf 89' lang='lat' dir='ltr'><strong>manus.</strong></span> 
     </span>
    </p>

    <p class='ocr_par' dir='ltr' id='par_1_16' title="bbox 447 2374 1559 2525">
     <span class='ocr_line' id='line_1_29' title="bbox 447 2374 1559 2441; baseline -0.003 -15"><span class='ocrx_word' id='word_1_115' title='bbox 447 2377 569 2441; x_wconf 89' lang='lat' dir='ltr'><strong>quid</strong></span> <span class='ocrx_word' id='word_1_116' title='bbox 603 2377 819 2426; x_wconf 83' lang='lat' dir='ltr'><strong>accidit?</strong></span> <span class='ocrx_word' id='word_1_117' title='bbox 864 2393 952 2425; x_wconf 92' lang='lat' dir='ltr'><strong>cur</strong></span> <span class='ocrx_word' id='word_1_118' title='bbox 986 2376 1091 2426; x_wconf 89' lang='lat' dir='ltr'><strong>dira</strong></span> <span class='ocrx_word' id='word_1_119' title='bbox 1127 2377 1362 2425; x_wconf 89' lang='lat' dir='ltr'><strong>barbarae</strong></span> <span class='ocrx_word' id='word_1_120' title='bbox 1398 2374 1559 2423; x_wconf 91' lang='lat' dir='ltr'><strong>minus</strong></span> 
     </span>
     <span class='ocr_line' id='line_1_30' title="bbox 580 2459 1341 2525; baseline 0.001 -19"><span class='ocrx_word' id='word_1_121' title='bbox 580 2474 772 2507; x_wconf 91' lang='lat' dir='ltr'><strong>venena</strong></span> <span class='ocrx_word' id='word_1_122' title='bbox 808 2459 1024 2508; x_wconf 90' lang='lat' dir='ltr'><strong>Medeae</strong></span> <span class='ocrx_word' id='word_1_123' title='bbox 1061 2459 1240 2519; x_wconf 86' lang='lat' dir='ltr'><strong>valent,</strong></span> <span class='ocrx_word' id='word_1_124' title='bbox 1335 2521 1341 2525; x_wconf 85' lang='lat'>.</span> 
     </span>
    </p>

    <p class='ocr_par' dir='ltr' id='par_1_17' title="bbox 447 2537 1508 2682">
     <span class='ocr_line' id='line_1_31' title="bbox 447 2537 1508 2603; baseline -0.001 -16"><span class='ocrx_word' id='word_1_125' title='bbox 447 2538 627 2603; x_wconf 90' lang='lat' dir='ltr'><strong>quibus</strong></span> <span class='ocrx_word' id='word_1_126' title='bbox 661 2541 923 2602; x_wconf 87' lang='lat' dir='ltr'><strong>superbam</strong></span> <span class='ocrx_word' id='word_1_127' title='bbox 959 2539 1080 2603; x_wconf 85' lang='lat' dir='ltr'><strong>fugit</strong></span> <span class='ocrx_word' id='word_1_128' title='bbox 1114 2540 1218 2602; x_wconf 86' lang='lat' dir='ltr'><strong>ulta</strong></span> <span class='ocrx_word' id='word_1_129' title='bbox 1250 2537 1508 2602; x_wconf 88' lang='lat' dir='ltr'><strong>paelicem,</strong></span> 
     </span>
     <span class='ocr_line' id='line_1_32' title="bbox 583 2618 1215 2682; baseline 0 -15"><span class='ocrx_word' id='word_1_130' title='bbox 583 2619 750 2682; x_wconf 88' lang='lat' dir='ltr'><strong>magni</strong></span> <span class='ocrx_word' id='word_1_131' title='bbox 786 2618 1014 2670; x_wconf 91' lang='lat' dir='ltr'><strong>Creontis</strong></span> <span class='ocrx_word' id='word_1_132' title='bbox 1048 2618 1215 2678; x_wconf 87' lang='lat' dir='ltr'><strong>filiam,</strong></span> 
     </span>
    </p>

    <p class='ocr_par' dir='ltr' id='par_1_18' title="bbox 449 2698 1612 2843">
     <span class='ocr_line' id='line_1_33' title="bbox 449 2698 1612 2763; baseline -0.003 -15"><span class='ocrx_word' id='word_1_133' title='bbox 449 2715 561 2748; x_wconf 89' lang='lat' dir='ltr'><strong>cum</strong></span> <span class='ocrx_word' id='word_1_134' title='bbox 599 2701 744 2763; x_wconf 90' lang='lat' dir='ltr'><strong>palla,</strong></span> <span class='ocrx_word' id='word_1_135' title='bbox 780 2701 898 2749; x_wconf 90' lang='lat' dir='ltr'><strong>tabo</strong></span> <span class='ocrx_word' id='word_1_136' title='bbox 934 2715 1112 2748; x_wconf 90' lang='lat' dir='ltr'><strong>munus</strong></span> <span class='ocrx_word' id='word_1_137' title='bbox 1146 2698 1392 2760; x_wconf 90' lang='lat' dir='ltr'><strong>inbutum,</strong></span> <span class='ocrx_word' id='word_1_138' title='bbox 1431 2712 1612 2747; x_wconf 85' lang='lat' dir='ltr'><strong>novam</strong></span> 
     </span>
     <span class='ocr_line' id='line_1_34' title="bbox 583 2772 1332 2843; baseline 0 -15"><span class='ocrx_word' id='word_1_139' title='bbox 583 2772 818 2829; x_wconf 85' lang='lat' dir='ltr'><strong>incendio</strong></span> <span class='ocrx_word' id='word_1_140' title='bbox 853 2789 1059 2843; x_wconf 87' lang='lat' dir='ltr'><strong>nuptam</strong></span> <span class='ocrx_word' id='word_1_141' title='bbox 1096 2778 1332 2828; x_wconf 81' lang='lat' dir='ltr'><strong>abstulit?</strong></span> 
     </span>
    </p>
   </div>
   <div class='ocr_carea' id='block_1_4' title="bbox 1778 290 1827 332">
    <p class='ocr_par' dir='ltr' id='par_1_19' title="bbox 1778 290 1827 332">
     <span class='ocr_line' id='line_1_35' title="bbox 1778 290 1827 332; baseline 0.02 -1"><span class='ocrx_word' id='word_1_142' title='bbox 1778 290 1827 332; x_wconf 88' lang='grc'><strong>35</strong></span> 
     </span>
    </p>
   </div>
   <div class='ocr_carea' id='block_1_5' title="bbox 1779 692 1835 732">
    <p class='ocr_par' dir='ltr' id='par_1_20' title="bbox 1779 692 1835 732">
     <span class='ocr_line' id='line_1_36' title="bbox 1779 692 1835 732; baseline 0 -11"><span class='ocrx_word' id='word_1_143' title='bbox 1779 692 1835 732; x_wconf 91' lang='lat'><strong>40</strong></span> 
     </span>
    </p>
   </div>
   <div class='ocr_carea' id='block_1_6' title="bbox 1780 1097 1833 1141">
    <p class='ocr_par' dir='ltr' id='par_1_21' title="bbox 1780 1097 1833 1141">
     <span class='ocr_line' id='line_1_37' title="bbox 1780 1097 1833 1141; baseline 0.038 -2"><span class='ocrx_word' id='word_1_144' title='bbox 1780 1097 1833 1141; x_wconf 87' lang='lat'><strong>45</strong></span> 
     </span>
    </p>
   </div>
   <div class='ocr_carea' id='block_1_7' title="bbox 1787 1499 1838 1543">
    <p class='ocr_par' dir='ltr' id='par_1_22' title="bbox 1787 1499 1838 1543">
     <span class='ocr_line' id='line_1_38' title="bbox 1787 1499 1838 1543; baseline 0 -12"><span class='ocrx_word' id='word_1_145' title='bbox 1787 1499 1838 1543; x_wconf 86' lang='grc'><strong>50</strong></span> 
     </span>
    </p>
   </div>
   <div class='ocr_carea' id='block_1_8' title="bbox 1788 1902 1838 1948">
    <p class='ocr_par' dir='ltr' id='par_1_23' title="bbox 1788 1902 1838 1948">
     <span class='ocr_line' id='line_1_39' title="bbox 1788 1902 1838 1948; baseline 0 0"><span class='ocrx_word' id='word_1_146' title='bbox 1788 1902 1838 1948; x_wconf 87' lang='grc'><strong>55</strong></span> 
     </span>
    </p>
   </div>
  </div>
 </body>
</html>
