1942 3074
180 93 404 144 xxxviii
772 106 1267 148 INTRODUCTION.

575 239 600 298 ἓ
630 242 669 285 8.
732 243 1002 287 Imitations
1029 243 1089 301 of
1111 243 1256 288 Greek
1284 245 1432 288 Poets.

264 327 368 370 The
398 326 634 383 following
664 327 912 372 collection
944 329 997 372 of
1020 329 1276 385 fragments
1304 329 1424 372 from
1451 329 1606 374 Greek
1636 336 1771 386 poets
1803 329 1842 373 is

176 399 317 442 taken
348 398 468 442 from
509 400 588 443 the
628 399 805 443 edition
843 399 897 443 of
930 400 1116 444 Horace
1158 401 1218 456 by
1259 401 1415 445 Keller
1455 402 1551 445 and
1594 403 1842 445 Hiiussner

177 468 385 526 (Leipzig
425 471 521 514 and
563 471 757 527 Prague‚
800 470 943 527 1885).
1010 472 1054 514 1t
1094 471 1295 516 consists
1337 471 1390 515 of
1423 486 1648 529 passages
1689 473 1842 517 which

180 542 367 586 Horace
389 555 539 586 seems
560 549 609 586 to
630 531 750 586 have
771 542 984 587 imitated
1005 544 1054 587 in
1075 544 1276 601 thought
1296 559 1349 589 or
1368 554 1527 589 metre.

270 625 305 656 1.
368 613 416 658 C.
441 624 472 658 1.
500 614 935 673 1.-Pindarisrag.
960 627 1040 658 221
1068 614 1158 672 (ed.
1183 616 1392 673 Bergk4).

293 717 305 729 .
328 719 339 730 .
360 685 666 730 Ἀελλοπόδων
696 685 774 740 μέν
801 685 880 731 τιν’
911 685 1213 743 εὐφραίνωσιν
1243 687 1385 733 ἵππων

290 757 409 813 τίμια
439 758 506 801 καὶ
537 759 761 814 στέφανοι,
793 756 895 804 τοὺς
923 758 963 802 δ’
991 758 1038 802 ἐν
1066 760 1365 817 πολυχρύσοις
1397 761 1604 818 θαλάμοις
1631 762 1783 817 βιοτά·

291 828 490 885 τέρπεται
521 829 567 873 δὲ
598 828 667 872 καί
695 848 761 875 τις
790 830 860 875 ἔπι
890 828 1095 886 (φρασὶν)
1126 826 1238 885 οἶδμ’
1269 831 1437 877 ἐνάλιον

293 898 363 944 ναῒ
392 901 471 957 θοᾷ
504 903 595 947 σῶς
626 901 890 955 διαστείβων
910 935 921 946 .
943 936 954 948 .
976 934 988 946 .

267 983 306 1015 2.
371 972 417 1017 C.
443 983 471 1016 1.
496 973 841 1031 9.—Alcaeisr.
866 987 933 1030 34.

522 1046 616 1090 ’Ὕει
646 1047 722 1103 μὲν
752 1047 776 1091 ὁ
805 1049 922 1104 Ζεύς,
953 1049 1000 1093 ἐκ
1030 1047 1069 1093 δ’
1100 1048 1240 1105 ὄράνω
1270 1049 1403 1106 μέγας

528 1119 703 1176 χείμων,
734 1119 981 1177 πεπάγασιν
1011 1120 1048 1165 δ’
1078 1119 1246 1166 ὑδάτων
1273 1120 1383 1178 ῥόαι.

525 1293 753 1347 κάββαλλε
782 1295 858 1340 τὸν
886 1296 1074 1353 χείμων’,
1105 1297 1176 1341 ε’πὶ
1204 1295 1283 1353 μὲν
1311 1296 1443 1342 τίθεις

523 1368 623 1420 πῦρ,
655 1366 700 1409 ἐν
730 1366 775 1410 δὲ
806 1366 965 1423 κίρναις
994 1362 1107 1411 οἶνον
1136 1366 1348 1424 ἀφειδέως

583 1437 807 1495 μέλιχρον,
838 1437 973 1495 αὐτὰρ
1003 1437 1116 1495 ἀμφὶ
1147 1439 1284 1496 κόρσᾳ

641 1509 863 1566 μάλθακον
890 1509 1007 1568 ἄμφι
1027 1542 1039 1554 .
1061 1542 1073 1555 .
1096 1544 1108 1556 .
1129 1510 1396 1570 γνόφαλλον.

270 1591 309 1636 3.
375 1581 420 1625 C.
446 1592 476 1625 1.
505 1582 793 1627 10.-Alcaei
804 1582 875 1640 fr.
902 1593 939 1640 5.

528 1657 659 1710 Χαῖρε
691 1653 916 1701 Κυλλάνας
947 1656 971 1700 ὅ
1000 1657 1154 1713 μέδεις,
1186 1655 1240 1702 σε’
1270 1655 1354 1713 γάρ
1377 1674 1452 1713 μοι

527 1726 660 1783 θῦμος
689 1728 833 1784 ὕμνην,
865 1746 935 1773 τοι
968 1729 1177 1787 κορύφαις
1207 1731 1254 1774 ἐν
1281 1728 1427 1774 αὕταις

529 1801 647 1842 Μαῖα
674 1800 849 1856 γέννατο
881 1801 1066 1859 Κρονίδᾳ
1094 1802 1286 1859 μίγεισα.

271 1879 311 1921 4.
378 1868 425 1912 C.
450 1878 480 1911 1.
510 1881 573 1912 12.
583 1870 828 1916 —Pindari
854 1872 1032 1931 Olymp.
1057 1885 1096 1917 2.
1125 1885 1142 1916 1
1168 1887 1236 1931 sq.

527 1939 917 2002 Ἀναξιφόρμιγγες
945 1943 1079 2002 ὕμνοι,

526 2013 620 2057 τίνα
652 2013 762 2070 θεόν,
791 2016 869 2059 τίν’
899 2015 1028 2072 ἥρωα,
1059 2016 1153 2061 τίνα
1182 2015 1219 2061 δ’
1253 2015 1384 2073 ἄνδρα
1414 2015 1710 2072 κελαδήσομεν
1717 2034 1732 2068 ,-

274 2093 312 2139 5.
379 2082 426 2127 C.
451 2093 481 2127 1.
510 2087 879 2146 14.—Alcaeisr.
907 2089 972 2133 18.

533 2155 788 2216 Ἀσυνέτημι
819 2163 902 2203 τῶν
931 2159 1094 2217 ἀνέμων
1123 2159 1302 2205 στάσιν·

534 2227 584 2272 τῖ-
612 2229 691 2285 μὲν
719 2229 803 2288 γὰρ
833 2231 955 2277 ἔνθεν
984 2235 1097 2288 κῦμα
1126 2232 1382 2287 κυλίνδεται,

592 2300 644 2345 τὸ
674 2301 712 2346 δ’
744 2303 885 2347 ἔνθεν·
925 2301 1062 2360 ἄμμες
1091 2302 1128 2349 δ’
1160 2303 1211 2347 ἄν
1239 2301 1289 2347 τὸ
1317 2303 1487 2360 μέσσον

652 2377 721 2418 νᾶἳ
748 2374 977 2432 φορήμεθα
1007 2374 1091 2419 σὺν
1118 2374 1314 2433 μελαίνᾳ,

535 2445 713 2502 χείμωνι
743 2446 1006 2503 μοχθεΰντες
1034 2444 1210 2506 μεγάλῳ
1239 2445 1375 2500 μάλα·

534 2535 616 2574 περ
647 2518 725 2574 μὲν
753 2517 836 2577 γὰρ
866 2516 1021 2563 ἄντλος
1049 2518 1281 2563 ἱστοπέδαν
1310 2518 1416 2575 ἔχει,

591 2591 754 2645 λαῖφος
784 2590 831 2634 δὲ
860 2590 946 2634 πὰν
975 2589 1155 2646 ζάδηλον
1183 2588 1262 2646 ἤδη

653 2661 721 2705 καὶ
749 2660 922 2705 λάκιδες
949 2660 1133 2718 μέγαλαι
1163 2661 1252 2705 κατ’
1284 2658 1409 2706 affro·

533 2731 714 2791 χόλαισι
744 2731 781 2776 δ’
811 2731 1013 2790 ὅγκοιναι.

272 2805 312 2849 6.
376 2804 424 2849 C.
449 2814 479 2848 1.
509 2803 877 2862 18.—Alcaeisr.
898 2815 967 2858 44

536 2876 681 2933 Μηδὲν
709 2874 822 2920 ἄλλο
851 2875 1074 2933 φυτεύσῃς
1105 2875 1314 2933 πρότερον
1342 2876 1533 2935 δένδρων
1559 2875 1752 2934 ἀμπέλω.
