1930 3060
0 2602 13 2771 'S'v-
0 2538 6 2584 ··’·’
0 2511 2 2519 ”
0 2470 2 2476 ”
0 2427 3 2430 ’

706 151 818 192 LIB.
860 151 918 192 11.
959 158 1007 202 v,
1046 139 1114 192 vi.

864 416 957 464 VI.

343 580 564 646 Septimi,
604 580 760 632 Gadis
796 579 989 630 aditure
1025 597 1220 630 mecum
1257 590 1305 630 et

343 662 649 715 Cantabrum
686 665 947 714 indoctum
983 663 1099 728 iuga
1133 665 1256 714 ferre
1293 673 1460 713 nostra
1496 672 1544 712 et

341 748 575 796 barbaras
610 745 775 810 Syrtis,
814 745 900 795 ubi
938 748 1116 795 Maura
1151 762 1346 809 semper

476 837 667 878 aestuat
701 829 869 877 unda:

341 994 498 1044 Tibur
532 996 697 1058 Argeo
733 994 950 1058 positum
987 995 1170 1044 colono

342 1076 406 1126 sit
439 1093 583 1126 meae
618 1077 763 1126 sedes
799 1076 990 1125 utinam
1028 1085 1271 1134 senectae,

341 1157 405 1207 sit
439 1157 618 1206 modus
653 1157 785 1206 lasso
821 1155 968 1206 maris
1003 1165 1053 1206 et
1087 1156 1275 1205 viarum

478 1238 800 1302 militiaeque.

342 1408 478 1457 unde
513 1405 555 1455 si
591 1407 776 1455 Parcae
811 1405 1078 1468 prohibent
1114 1403 1326 1468 iniquae,

343 1491 493 1540 dulce
528 1488 710 1552 pellitis
747 1488 926 1537 ovibus
963 1486 1162 1537 Galaesi

345 1571 531 1620 flumen
566 1579 617 1619 et
651 1579 853 1633 regnata
888 1578 1056 1632 petam
1094 1567 1283 1618 Laconi

480 1667 591 1700 rura
627 1651 919 1700 Phalantho.

346 1818 430 1868 ille
463 1827 700 1867 terrarum
738 1817 857 1865 mihi
894 1826 1086 1880 praeter
1120 1815 1285 1866 omnis

344 1902 554 1964 angulus
589 1899 730 1959 ridet,
770 1898 857 1948 ubi
893 1916 995 1948 non
1035 1900 1280 1962 Hymetto

345 1983 495 2031 mella
528 1982 781 2031 decedunt
817 1980 1060 2045 viridique
1094 1990 1248 2030 certat

479 2063 605 2112 baca
640 2062 872 2121 Venafro,

342 2246 427 2280 ver
461 2229 545 2280 ubi
582 2231 787 2294 longum
825 2229 1118 2294 tepidasque
1155 2230 1358 2293 praebet

346 2310 568 2374 Iuppiter
604 2311 804 2360 brumas
841 2320 890 2360 et
926 2310 1116 2360 amicus
1155 2313 1320 2361 Aulon

343 2391 488 2442 fertili
527 2392 727 2440 Baccho
762 2391 1023 2440 minimum
1060 2392 1279 2442 Falernis

480 2473 669 2523 invidet
704 2473 824 2523 uvis.

345 2639 428 2691 ille
463 2649 513 2690 te
550 2656 745 2690 mecum
783 2642 924 2691 locus
960 2651 1010 2691 et
1044 2643 1220 2692 beatae

345 2722 599 2786 postulant
633 2737 785 2782 arceS,
822 2722 891 2771 ibi
927 2732 980 2772 tu
1017 2725 1262 2773 calentem

348 2803 522 2853 debita
556 2819 752 2867 sparges
789 2804 991 2854 lacrima
1025 2805 1239 2854 favillam

482 2883 606 2933 vatis
640 2883 799 2933 amici.

1678 150 1748 211 43

1709 1504 1758 1535 10

1707 2494 1761 2525 20
