1930 3060
210 102 309 153 116

723 114 959 154 HORATI
999 114 1341 156 CARMINUM

471 234 573 284 iure
609 236 861 285 sollemnis
896 236 1017 285 mihi
1051 237 1365 300 sanctiorque

471 330 631 376 paene
665 317 815 365 natali
850 316 1066 381 proprio,
1103 318 1241 380 quod
1276 333 1337 367 ex
1372 318 1465 367 hac

471 397 582 444 luce
620 399 888 446 Maecenas
923 414 1063 447 meus
1098 398 1342 447 affluentis

605 478 801 527 ordinat
836 495 1007 528 annos.

468 584 763 646 Telephum,
802 601 950 647 quem
987 594 1039 633 tu
1075 585 1217 647 petiS,
1253 586 1517 650 occupavit

415 670 417 673 ’
470 679 572 713 non
608 673 723 714 tuae
759 666 900 715 sortis
937 666 1163 715 iuvenem
1199 668 1364 729 puella

468 746 605 795 dives
642 756 691 795 et
725 747 908 797 lasciva
941 756 1176 809 tenetque
1210 757 1345 810 grata

603 829 849 890 compede
885 828 1119 877 vinctum.

470 945 615 986 terret
650 939 907 987 ambustus
944 940 1204 988 Phaethon
1240 955 1410 988 avaras

469 1035 597 1082 speS,
637 1030 686 1069 et
721 1022 1003 1084 exemplum
1037 1037 1184 1084 grave
1219 1021 1422 1084 praebet
1457 1022 1558 1069 ales

472 1102 686 1164 Pegasus
723 1111 967 1151 terrenum
1005 1102 1222 1164 equitem
1256 1112 1481 1166 gravatus

605 1184 1053 1246 Bellerophontem,

468 1308 661 1356 semper
696 1302 751 1341 ut
785 1302 834 1342 te
870 1293 1019 1356 digna
1053 1309 1257 1357 sequare
1292 1302 1342 1343 et
1375 1294 1500 1342 ultra

469 1391 619 1436 quam
653 1374 769 1424 licet
805 1390 998 1437 sperare
1032 1376 1170 1425 nefas
1204 1376 1428 1439 putando

468 1455 713 1519 disparem
749 1456 887 1506 vites.
959 1473 1050 1521 age
1085 1457 1198 1517 iam,
1234 1472 1458 1507 meorum

603 1539 712 1586 finis
748 1554 970 1588 amorum

470 1646 594 1711 (non
631 1649 763 1697 enim
799 1650 1008 1711 posthac
1042 1649 1138 1698 alia
1174 1650 1349 1699 calebo

467 1729 688 1795 femina),
725 1730 962 1780 condisce
998 1731 1191 1790 modos,
1227 1731 1443 1780 amanda

469 1827 590 1861 voce
626 1828 752 1875 quos
787 1814 996 1862 reddas:
1044 1811 1329 1862 minuentur
1362 1821 1495 1862 atrae

602 1894 820 1943 carmine
855 1910 1012 1944 curae.

971 2090 1092 2136 XII.

402 2231 510 2279 Iam
545 2228 668 2279 veris
704 2228 925 2288 comites,
962 2244 1092 2290 quae
1127 2244 1263 2278 mare
1297 2237 1587 2292 temperant,

399 2313 660 2375 impellunt
695 2311 892 2359 animae
926 2309 1078 2359 lintea
1111 2309 1353 2359 Thraciae
1368 2328 1382 2371 3

399 2392 497 2440 iam
534 2409 628 2441 nec
662 2401 801 2455 prata
835 2391 1006 2454 rigent,
1043 2407 1137 2440 nec
1173 2390 1305 2439 fluvii
1340 2399 1564 2454 strepunt

532 2472 737 2522 hiberna
770 2472 884 2521 nive
919 2471 1110 2535 turgidi.

399 2583 571 2632 nidum
610 2583 766 2647 ponit,
807 2584 920 2646 Ityn
955 2581 1183 2632 flebiliter
1215 2597 1435 2646 gemenS,

397 2664 567 2713 infelix
601 2663 703 2714 avis
740 2674 788 2714 et
824 2662 1096 2727 Cecropiae
1132 2665 1311 2713 domus

398 2755 652 2795 aeternum
687 2744 1021 2810 opprobrium,
1058 2745 1196 2807 quod
1230 2746 1359 2794 male
1394 2744 1624 2816 barbaras

531 2842 701 2890 regum
737 2834 810 2875 est
845 2826 947 2874 ulta
982 2824 1223 2874 libidines

1815 501 1868 530 20

1816 1395 1869 1437 30

1815 1831 1865 1873 35
