1930 3060
680 117 790 156 Lm.
833 117 893 156 Π.
935 106 1008 166 xi,
1049 105 1141 156 xii.
1677 117 1749 169 49

840 334 963 381 XII.

337 457 481 507 Nolis
516 459 664 522 longa
699 459 830 507 ferae
866 457 996 506 bella
1034 454 1334 505 NumantIae

336 554 431 587 nec
468 539 648 587 durum
689 536 1031 586 Hannibalem
1069 553 1164 586 nec
1199 535 1420 586 Siculum
1457 551 1591 583 mare

334 609 507 670 Poeno
543 636 842 684 purpureum
879 618 1122 683 sanguine
1155 617 1389 667 mollibus

470 702 627 765 aptari
663 701 880 750 citharae
915 695 1094 758 modiS,

337 822 431 856 nec
467 821 642 855 saevos
680 804 916 869 Lapithas
952 814 1002 854 et
1038 802 1247 852 nimium
1284 820 1422 852 mero
1729 819 1750 862 5

339 888 589 950 Hylaeum
627 885 944 950 domitosque
984 887 1234 935 Herculea
1271 902 1422 934 manu

335 967 548 1018 Telluris
583 967 799 1027 iuveneS,
837 968 972 1016 unde
1008 966 1282 1030 periculum

470 1051 662 1114 fulgens
698 1048 997 1099 contremuit
1032 1050 1214 1098 domus

337 1153 533 1203 Saturni
567 1153 774 1203 veteris:
823 1161 979 1215 tuque
1015 1151 1330 1214 pedestribus

336 1235 474 1285 dices
509 1234 722 1283 historiis
758 1234 946 1297 proelia
981 1233 1223 1293 CaesariS‚
1452 1229 1455 1233 ’
1704 1253 1752 1281 10

339 1318 625 1375 Maecenas,
663 1315 839 1365 melius
874 1315 1122 1378 ductaque
1159 1331 1246 1378 per
1281 1315 1382 1364 vias

471 1414 642 1462 regum
677 1399 807 1447 colla
842 1396 1124 1446 minacium.

339 1518 421 1551 me
457 1501 615 1550 dulcis
651 1500 886 1551 dominae
924 1503 1074 1550 Musa
1110 1499 1399 1564 Licymniae

339 1592 531 1642 cantus,
567 1599 649 1632 me
684 1582 840 1631 voluit
874 1582 1039 1632 dicere
1076 1581 1299 1631 lucidum

338 1664 570 1729 fulgentis
605 1667 776 1715 oculos
812 1674 862 1714 et
896 1667 1027 1715 bene
1063 1664 1245 1714 mutuis
1612 1686 1614 1689 ·
1705 1683 1750 1726 15

473 1745 628 1793 fidum
665 1754 838 1808 pectus
873 1744 1125 1794 amoribus
1142 1762 1155 1805 ;

337 1863 489 1911 quam
525 1865 621 1898 nec
655 1850 778 1898 ferre
814 1848 997 1911 pedem
1034 1846 1270 1897 dedecuit
1305 1845 1466 1896 choris

337 1946 432 1979 nec
467 1941 653 1980 certare
689 1929 801 1980 ioco
838 1946 932 1980 nec
968 1930 1085 1978 dare
1121 1930 1353 1978 bracchia

336 2013 590 2063 ludentem
626 2012 797 2062 nitidis
831 2012 1099 2077 virginibus
1136 2028 1275 2061 sacro

473 2093 669 2145 Dianae
703 2095 911 2145 celebris
947 2094 1044 2145 die.
1698 2114 1751 2142 20

282 2198 289 2204 “
336 2213 457 2246 num
493 2206 548 2247 tu
583 2214 713 2260 quae
749 2198 907 2248 tenuit
943 2198 1092 2248 dives,
1119 2199 1465 2248 Achaemenes

337 2288 422 2328 aut
457 2279 654 2343 pinguis
693 2279 933 2343 Phrygiae
971 2278 1271 2343 Mygdonias
1307 2295 1429 2343 opes

337 2370 616 2423 permutare
652 2359 772 2410 velis
808 2360 941 2409 crine
979 2361 1282 2424 Licymniae,

473 2442 645 2505 plenas
680 2452 763 2490 aut
800 2443 1019 2490 Arabum
1057 2442 1251 2500 domOS,

151 2564 306 2620 xus-1.
361 2579 519 2619 durum
555 2579 589 2619 is
622 2579 664 2618 in
699 2578 755 2618 all
792 2589 888 2619 MSS.
953 2579 1079 2620 Some
1118 2578 1214 2619 edd.
1256 2578 1354 2619 read
1390 2579 1534 2619 dirum
1574 2580 1748 2620 because

74 2641 305 2699 Quintilian
335 2645 455 2698 (vm.
488 2661 527 2688 α.
548 2646 589 2701 9)
620 2654 767 2700 quotes
799 2647 1004 2688 Horace's
1028 2661 1160 2688 acrem
1186 2648 1328 2687 tibiam
1355 2647 1438 2687 and
1464 2647 1745 2688 Hannibalem

72 2711 212 2757 m
236 2727 284 2756 as
310 2715 522 2769 examples
550 2715 599 2756 os
613 2716 784 2769 proprie
810 2716 978 2765 dictum,
1008 2716 1058 2757 id
1077 2722 1145 2765 est,
1169 2730 1247 2769 quo
1271 2716 1390 2756 nihil
1414 2716 1605 2756 inveniri
1621 2723 1750 2769 potest

73 2780 388 2840 montius.
447 2785 528 2826 But
548 2785 579 2826 it
600 2785 635 2826 is
653 2784 857 2826 sufficient
880 2791 924 2827 to
949 2797 1129 2838 suppose
1156 2785 1245 2826 that
1273 2785 1419 2836 Quint.
1443 2798 1525 2825 was
1552 2785 1747 2838 referring

74 2853 121 2893 Ν
133 2859 208 2894 m.
225 2852 267 2895 6.
288 2853 351 2905 36.

205 2955 332 2991 (Lu.
1583 2968 1608 3003 4
