1930 3060
185 92 283 146 142

751 90 990 132 HORATI
1030 89 1277 133 EPODON

942 312 1081 358 XIV.

317 447 484 498 Mollis
520 447 694 497 inertia
729 465 813 496 cur
847 456 1034 495 tantam
1071 444 1319 494 diffuderit
1353 443 1465 495 imis

449 530 748 579 oblivionem
785 528 1023 584 sensibus,

314 612 496 674 pocula
532 611 777 659 Lethaeos
813 619 867 658 ut
902 609 942 657 si
978 607 1207 657 ducentia
1242 625 1445 658 somnos

450 700 615 740 arente
650 692 790 739 fauce
827 689 1068 749 traxerim,

315 773 526 822 candide
563 775 845 832 Maecenas,
883 771 1068 820 occidis
1105 787 1251 835 saepe
1285 773 1537 835 rogando:

451 855 587 913 deus,
624 853 746 902 deus
780 869 896 900 nam
931 868 1010 900 me
1045 861 1179 901 vetat

317 935 556 997 inceptOS,
594 933 711 983 olim
746 933 1042 996 promissum
1078 950 1289 993 carmen,
1327 932 1518 982 iambos

451 1015 518 1062 ad
551 1012 839 1061 umbilicum
875 1013 1134 1061 adducere.

318 1112 419 1144 non
456 1094 593 1143 aliter
628 1093 794 1142 Samio
831 1093 1001 1141 dicunt
1036 1092 1210 1142 arsisse
1247 1093 1473 1156 Bathyllo

453 1179 768 1224 Anacreonta
802 1175 996 1232 Teium,

320 1256 405 1320 qui
439 1272 678 1319 persaepe
713 1272 835 1303 cava
869 1253 1115 1304 testudine
1150 1253 1282 1303 flevit
1318 1271 1536 1303 amorem

454 1354 557 1386 non
592 1339 897 1385 elaboratum
933 1337 996 1384 ad
1035 1337 1228 1398 pedem.

319 1416 469 1466 ureris
505 1418 609 1480 ipse
646 1416 819 1465 miser:
869 1414 1047 1478 quodsi
1083 1431 1185 1464 non
1220 1413 1469 1477 pulchrior
1503 1414 1627 1478 ignis

455 1498 682 1547 accendit
719 1499 971 1547 obsessam
1011 1497 1154 1555 Ilion,

319 1581 481 1644 gaude
517 1590 645 1628 sorte
683 1589 797 1627 tua:
846 1595 926 1628 me
960 1577 1187 1627 libertina
1219 1594 1313 1626 nec
1349 1594 1449 1626 uno

455 1670 693 1710 contenta
729 1662 921 1723 Phryne
958 1669 1186 1709 macerat.

963 1916 1073 1962 XV.

323 2059 440 2107 Nox
475 2066 575 2106 erat
611 2065 659 2106 et
694 2057 833 2106 caelo
869 2057 1088 2119 fulgebat
1122 2057 1240 2103 luna
1276 2072 1450 2105 sereno

457 2138 582 2186 inter
617 2136 806 2185 minora
840 2135 1014 2196 sidera,

323 2235 436 2267 cum
472 2227 540 2278 tu,
578 2234 867 2281 magnorum
904 2232 1090 2265 numen
1124 2217 1315 2264 laesura
1349 2217 1566 2275 deorum,

456 2298 507 2346 in
543 2299 694 2347 verba
727 2297 923 2346 iurabas
958 2313 1082 2355 mea,

323 2379 473 2428 artius
508 2389 656 2442 atque
693 2380 876 2427 hedera
909 2394 1114 2441 procera
1148 2375 1463 2441 adstringitur
1496 2377 1593 2426 ilex

457 2460 602 2509 lentis
638 2461 911 2509 adhaerens
948 2458 1201 2515 bracchiis,

323 2543 441 2590 dum
478 2542 644 2604 pecori
679 2542 824 2604 lupus
860 2550 909 2590 et
944 2539 1105 2588 nautis
1142 2538 1346 2588 infestus
1385 2539 1540 2588 Orion

460 2625 671 2672 turbaret
707 2624 968 2672 hibernum
1006 2639 1140 2670 mare

324 2705 646 2769 intonsosque
682 2706 886 2769 agitaret
921 2704 1166 2769 Apollinis
1201 2719 1318 2752 aura
1351 2702 1572 2766 capillos,

458 2788 561 2835 fore
595 2788 727 2835 hunc
762 2802 983 2835 amorem
1019 2794 1259 2834 mutuum.

1802 1192 1851 1221 10

1806 2803 1908 2836 10
