1930 3060
690 134 804 176 Lm.
849 136 909 176 11.
952 125 1022 186 iii,
1061 125 1126 178 iv.

860 392 946 440 IV.

332 566 412 615 Ne
447 564 510 616 sit
545 564 754 615 ancillae
790 565 878 616 tibi
914 582 1052 614 amor
1086 561 1279 628 pudori,

330 647 553 697 Xanthia
589 649 814 698 Phoceu!
861 648 996 711 prius
1033 646 1331 696 insolentem

332 745 472 779 serva
507 730 685 779 Briseis
719 729 867 780 niveo
903 732 1070 779 colore

466 812 621 861 movit
656 811 935 872 Achillem3

332 978 488 1029 movit
522 979 729 1029 Aiacem
766 980 1043 1028 Telamone
1079 986 1250 1027 natum

331 1061 489 1110 forma
523 1061 751 1123 captivae
787 1052 1048 1111 dominum
1086 1062 1385 1110 Tecmessae
1402 1075 1418 1119 3

333 1143 447 1193 arsit
482 1143 682 1193 Atrides
718 1142 887 1194 medio
922 1143 974 1192 in
1010 1143 1263 1207 triumpho

470 1226 656 1291 virgine
691 1236 845 1291 rapta,

334 1394 572 1444 barbarae
608 1403 876 1458 postquam
912 1392 1136 1443 cecidere
1173 1399 1362 1440 turmae

335 1476 582 1525 Thessalo
617 1475 802 1525 victore
839 1485 889 1525 et
923 1476 1190 1539 ademptus
1229 1476 1421 1523 Hector

335 1556 540 1607 tradidit
575 1556 713 1607 sessis
749 1559 934 1607 leviora
968 1556 1075 1607 tolli

477 1642 715 1703 Pergama
750 1639 906 1690 Grais.

340 1802 531 1853 nescias
566 1819 630 1852 an
667 1813 715 1852 te
750 1819 986 1867 generum
1023 1800 1155 1851 beati

339 1885 578 1950 Phyllidis
615 1886 768 1935 flavae
804 1886 1043 1953 decorent
1078 1893 1342 1947 parentes:

337 1968 523 2032 regium
559 1977 692 2017 certe
727 1984 884 2032 genus
920 1977 969 2017 et
1006 1966 1199 2031 penatis

471 2059 657 2099 maeret
693 2048 906 2113 iniquos.

338 2218 490 2268 crede
523 2234 627 2267 non
664 2217 798 2266 illam
836 2215 925 2267 tibi
960 2217 1025 2266 de
1061 2217 1273 2267 scelesta

337 2299 485 2363 plebe
520 2299 769 2359 dilectam,
810 2315 972 2362 neque
1009 2298 1080 2347 sic
1117 2298 1335 2358 fidelem,

338 2381 409 2431 sic
444 2382 581 2430 lucro
616 2396 838 2430 aversam
876 2379 1098 2443 potuisse
1135 2379 1272 2428 nasci

473 2472 630 2512 matre
667 2462 915 2525 pudenda.

339 2627 572 2677 bracchia
606 2637 656 2676 et
692 2628 882 2675 vultum
920 2625 1187 2689 teretisque
1224 2640 1361 2673 suras

340 2708 529 2773 integer
563 2710 748 2758 laudo:
795 2709 910 2773 suge
946 2706 1196 2772 suspicari,

338 2790 477 2840 cuius
512 2800 741 2840 octavum
779 2789 1040 2853 trepidavit
1075 2800 1212 2839 aetas

475 2872 707 2963 clati-idere
742 2872 960 2920 lustrum.

1673 138 1737 191 41

1701 1490 1751 1520 10

1703 1981 1751 2025 15

1701 2477 1754 2508 20
