1930 3060
852 119 962 170 xvi.

130 250 294 302 reddit
327 249 412 302 ubi
447 252 680 302 Cererem
717 251 862 299 tellus
896 247 1087 298 inarata
1122 248 1401 311 quotannis,

266 342 316 384 et
349 332 592 396 imputata
625 332 766 381 floret
802 334 962 394 usque
997 330 1154 388 vinea,

131 415 371 480 germinat
407 423 457 463 et
492 429 762 477 numquam
798 410 1013 462 fallentis
1049 421 1228 461 termes
1265 411 1439 471 olivae,

267 511 507 559 suamque
542 496 675 559 pulla
710 495 832 543 ficus
869 503 1012 544 ornat
1046 493 1290 552 arborem,

133 579 282 628 mella
315 594 439 627 cava
473 587 679 626 manant
714 593 777 626 ex
810 575 936 637 ilice,
973 576 1229 625 montibus
1264 575 1374 623 altis

266 658 387 711 levis
422 660 656 724 crepant'e
691 660 894 723 lympha
927 658 1094 723 desilit
1129 658 1273 720 pede.

132 742 231 792 illic
264 741 480 792 iniussae
514 742 719 791 veniunt
754 743 819 791 ad
857 742 1065 789 mulctra
1100 740 1334 803 capellae,

266 825 512 887 refertque
547 833 688 873 tenta
721 839 840 888 grex
874 823 1062 871 amicus
1098 823 1253 871 ubera
1269 841 1282 883 3

132 922 227 956 nec
261 906 567 970 vespertinus
602 904 943 968 circumgemit
977 920 1117 953 ursus
1152 903 1296 963 ovile,

266 1003 431 1052 neque
465 987 750 1037 intumescit
784 988 885 1036 alta
918 985 1097 1050 viperis
1133 986 1327 1033 humus.

133 1072 374 1136 pluraque
406 1070 576 1121 felices
610 1069 911 1130 mirabimur,
948 1078 1003 1117 ut
1039 1083 1204 1130 neque
1239 1065 1385 1130 largis

268 1168 487 1216 aquosus
522 1155 683 1202 Eurus
717 1169 833 1201 arva
867 1153 1008 1200 radat
1042 1149 1298 1210 imbribus,

135 1234 339 1300 pinguia
371 1251 467 1286 nec
500 1235 644 1284 siccis
679 1243 883 1283 urantur
918 1233 1108 1283 semina
1141 1232 1343 1296 glaebiS‚

270 1326 535 1380 utrumque
571 1332 685 1380 rege
720 1324 1030 1379 temperante
1066 1314 1313 1364 caelitum.

137 1415 239 1449 non
275 1399 374 1449 huc
407 1402 575 1463 Argoo
610 1396 870 1448 contendit
904 1396 1089 1461 remige
1124 1396 1286 1460 pinus,

272 1497 436 1545 neque
470 1480 723 1544 impudica
758 1478 962 1530 Colchis
996 1479 1160 1528 intulit
1195 1478 1409 1542 pedem3

137 1580 241 1614 non
275 1564 376 1613 huc
410 1562 602 1613 Sidonii
636 1571 884 1612 torserunt
918 1577 1105 1611 cornua
1138 1566 1330 1620 nautae,

274 1644 522 1694 laboriosa
556 1660 651 1694 nec
684 1644 863 1693 cohors
901 1643 1066 1694 Ulixei
1082 1662 1097 1706 ;
1281 1628 1287 1635 ¹

141 1723 299 1793 [nulla
333 1735 518 1777 nocent
552 1724 721 1790 pecori
755 1725 999 1790 contagia,
1038 1725 1220 1775 nullius
1255 1724 1371 1775 astri

274 1825 472 1874 gregem
507 1817 736 1858 aestuosa
770 1816 919 1857 torret
956 1805 1290 1874 impotentia]

145 1890 370 1955 luppiter
402 1890 485 1940 illa
518 1890 632 1954 piae
667 1888 874 1939 secrevit
909 1889 1054 1939 litora
1087 1889 1239 1954 genti,

276 1982 330 2023 ut
363 1970 638 2035 inquinavit
671 1987 784 2021 aere
819 1982 1017 2035 tempus
1051 1988 1255 2022 aureum
1271 1990 1286 2034 ς

142 2069 267 2114 aere,
303 2053 487 2103 dehinc
518 2053 645 2103 ferro
681 2051 875 2103 duravit
911 2055 1123 2115 saecula,
1160 2070 1371 2116 quorum

275 2134 368 2199 piis
402 2137 624 2186 secunda
659 2144 770 2184 vate
806 2151 886 2185 me
922 2137 1068 2186 datur
1101 2138 1227 2201 fuga.

1646 127 1740 181 145

1692 427 1744 470 45

1694 835 1748 880 50

1697 1249 1748 1293 55

153 2337 221 2389 61,
250 2336 302 2380 60
321 2352 391 2379 are
415 2339 531 2393 quite
553 2345 626 2380 out
646 2338 693 2379 of
718 2340 836 2393 place
856 2340 955 2381 here
974 2341 1059 2382 and
1079 2354 1148 2382 are
1167 2343 1412 2395 transposed
1432 2343 1488 2396 by
1509 2326 1686 2398 Bentley
1705 2350 1750 2385 to

74 2406 215 2448 follow
234 2405 300 2460 56,
321 2407 376 2460 by
397 2407 556 2449 Lucian
578 2407 731 2448 Miiller
754 2415 798 2448 to
823 2407 965 2448 follow
988 2419 1052 2459 52.
1113 2408 1239 2450 Some
1268 2410 1365 2450 edd.
1387 2410 1533 2463 regard
1563 2411 1676 2453 them
1705 2426 1749 2454 as

75 2488 128 2516 an
147 2476 453 2530 interpolation.

1559 2980 1620 3012 10
