1930 3060
723 115 839 158 LIB.
878 116 913 156 1.
954 103 1221 156 xii—xiv.

881 294 1031 341 XIII.

258 417 388 466 Cum
424 422 490 471 tu,
529 411 702 476 Lydia,
739 409 952 473 Telephi

390 494 634 543 cervicem
668 508 875 551 roseam,
914 507 1057 540 cerea
1091 488 1306 553 Telephi

257 576 430 625 laudas
465 573 710 631 bracchia,
748 589 839 622 vae
875 589 1042 622 meum

391 657 583 704 fervens
617 654 802 704 difficili
838 655 938 704 bile
973 662 1132 704 tumet
1167 653 1313 703 iecur.

259 748 379 788 tunc
413 754 507 787 nec
543 754 684 786 mens
719 735 840 784 mihi
875 752 970 785 nec
1005 737 1143 784 color

393 828 526 869 certa
561 820 679 869 sede
716 827 936 876 manent,
975 833 1120 866 umor
1155 826 1204 866 et
1240 818 1290 864 in
1325 832 1477 880 genas

261 900 425 951 furtim
461 900 654 959 labitur,
690 916 899 964 arguens

395 999 544 1046 quam
579 980 724 1031 lentis
760 980 961 1044 penitus
999 996 1218 1029 macerer
1253 979 1461 1043 ignibus.

259 1080 387 1123 uror,
423 1080 511 1113 seu
547 1063 638 1113 tibi
672 1062 914 1112 candidos

394 1154 653 1208 turparunt
688 1160 885 1193 umeros
921 1143 1220 1193 immodicae
1258 1159 1394 1192 mero

261 1226 404 1285 rixae,
442 1225 545 1275 sive
579 1242 704 1289 puer
737 1227 902 1274 furens

396 1307 638 1370 impressit
675 1324 948 1356 memorem
984 1309 1135 1356 dente
1172 1305 1319 1355 labris
1357 1314 1541 1355 notam.

264 1405 380 1447 non,
418 1387 459 1437 si
493 1404 575 1437 me
611 1388 726 1437 satis
761 1388 950 1448 audias,

398 1485 565 1533 speres
599 1479 893 1532 perpetuum
930 1469 1095 1518 dulcia
1128 1470 1334 1518 barbare

265 1552 544 1600 laedentem
582 1553 768 1610 oscula,
807 1568 934 1614 quae
970 1554 1142 1600 Venus

399 1631 572 1695 quinta
606 1640 744 1695 parte
779 1632 854 1680 sui
891 1632 1103 1680 nectaris
1141 1632 1330 1681 imbuit.

266 1712 433 1762 felices
467 1722 541 1762 ter
574 1723 623 1762 et
657 1712 887 1776 amplius,

399 1810 526 1856 quos
561 1793 745 1857 irrupta
778 1802 915 1842 tenet
950 1795 1131 1856 copula
1166 1811 1258 1844 nec
1295 1794 1435 1842 malis

264 1872 486 1924 divulsus
521 1873 842 1936 querimoniis

398 1970 627 2018 suprema
659 1955 802 2004 citius
837 1958 995 2005 solvet
1030 1972 1170 2005 amor
1204 1955 1299 2006 die.

892 2137 1033 2184 XIV.

264 2246 313 2298 O
346 2247 499 2305 navis,
538 2247 747 2296 referent
784 2246 834 2294 in
872 2262 1007 2295 mare
1042 2255 1092 2296 te
1128 2246 1244 2295 novi

264 2327 473 2376 fluctus!
519 2342 551 2376 o
586 2327 707 2390 quid
743 2327 884 2390 agis?
931 2327 1119 2376 sortiter
1153 2343 1349 2392 occupa

330 2411 558 2473 portum!
604 2423 774 2457 nonne
809 2407 949 2457 vides
983 2418 1039 2457 ut

398 2488 590 2536 nudum
628 2486 834 2550 remigio
870 2490 998 2536 latus

263 2608 315 2647 et
349 2598 507 2646 malus
541 2596 687 2646 celeri
724 2598 919 2645 saucius
957 2597 1125 2645 Africo

264 2689 612 2741 antennaeque
648 2687 849 2742 gemant
885 2695 943 2727 ac
979 2678 1085 2727 sine
1122 2679 1320 2729 funibus

330 2758 410 2808 vix
446 2759 620 2807 durare
655 2759 850 2808 carinae

398 2839 591 2906 possint
626 2838 937 2904 imperiosius

1757 1159 1806 1189 10

1754 1976 1808 2005 20
