1930 3060
227 129 327 182 130
783 125 1020 166 HORATI
1059 124 1308 165 EPoDON

490 246 600 308 quis
634 262 736 295 non
771 247 1023 304 malarum,
1062 262 1187 308 quas
1221 261 1362 295 amor
1397 261 1535 294 curas
1570 246 1736 304 habet,

623 328 747 384 haec
781 326 908 375 inter
942 326 1280 376 obliviscitur?

493 406 673 470 quodsi
708 408 889 470 pudica
924 407 1098 457 mulier
1131 407 1183 456 in
1219 419 1407 471 partem
1446 408 1580 457 iuvet

629 489 836 538 domum
871 498 1020 551 atque
1057 488 1215 538 dulcis
1250 489 1444 549 liberos,
1838 509 1895 549 40

496 570 679 620 Sabina
715 571 872 632 qualis
907 579 991 618 aut
1027 579 1225 633 perusta
1259 570 1446 620 solibus

628 650 839 714 pernicis
874 667 998 700 uxor
1031 651 1198 714 Apuli,

499 750 691 783 sacrum
727 732 929 782 vetustis
967 742 1157 782 extruat
1191 732 1335 796 lignis
1370 734 1535 782 focum

629 814 742 863 lassi
778 816 870 863 sub
906 815 1176 863 adventum
1213 814 1315 874 viri,

498 897 832 959 claudensque
868 895 1011 945 textis
1047 895 1261 944 cratibus
1297 897 1478 944 laetum
1518 912 1669 958 pecus
1843 913 1895 956 45

636 978 853 1027 distenta
888 977 1038 1026 siccet
1072 980 1237 1037 ubera„

500 1069 549 1110 et
583 1062 739 1109 horna
774 1059 906 1108 dulci
942 1058 1056 1107 vina
1089 1074 1322 1121 promens
1359 1058 1494 1108 dolio

634 1144 788 1205 dapes
823 1141 1068 1203 inemptas
1104 1149 1336 1203 apparet:

500 1240 603 1273 non
639 1239 719 1272 me
757 1221 970 1271 Lucrina
1004 1221 1212 1278 iuverint
1249 1222 1510 1285 conchylia

634 1304 849 1368 magisve
883 1304 1122 1352 rhombus
1158 1311 1244 1351 aut
1279 1303 1417 1362 scari,
1847 1323 1899 1367 50

500 1385 666 1449 siquos
703 1385 821 1434 Eois
857 1385 1082 1434 intonata
1115 1383 1348 1434 fluctibus

634 1467 793 1516 hiems
826 1468 892 1516 ad
928 1467 1023 1515 hoc
1056 1473 1215 1515 vertat
1249 1482 1396 1515 mare.

502 1565 602 1597 non
638 1550 756 1596 Afra
791 1548 894 1596 avis
930 1548 1202 1597 descendat
1238 1546 1289 1595 in
1325 1556 1543 1597 ventrem
1583 1566 1765 1611 meum,

635 1646 735 1678 non
772 1639 968 1694 attagen
1007 1629 1207 1679 Ionicus
1807 1650 1823 1676 ο

501 1711 774 1770 iucundior,
813 1728 963 1775 quam
1000 1714 1127 1761 lecta
1161 1712 1226 1761 de
1262 1711 1594 1775 pinguissimis
1850 1731 1898 1774 55

636 1793 766 1842 oliva
800 1794 947 1842 ramis
982 1795 1227 1852 arborum,

503 1885 587 1924 aut
622 1876 774 1923 herba
809 1873 993 1938 lapathi
1026 1884 1166 1938 prata
1199 1875 1412 1924 amantis
1447 1885 1496 1925 et
1531 1874 1665 1939 gravi

637 1957 828 2005 malvae
863 1957 1082 2005 salubres
1119 1956 1327 2020 corpori,

503 2040 581 2087 vel
615 2054 742 2102 agna
776 2039 912 2087 festis
948 2054 1091 2087 caesa
1127 2037 1505 2100 TerminalibuS,

637 2121 716 2168 vel
751 2119 939 2168 haedus
974 2118 1173 2182 ereptus
1207 2121 1342 2183 lupo,
1850 2129 1906 2171 60

504 2202 592 2250 has
625 2201 751 2251 inter
785 2202 957 2265 epulas
991 2210 1045 2249 ut
1079 2200 1212 2250 iuvat
1246 2210 1412 2264 pastas
1447 2203 1553 2251 ovis

637 2282 804 2332 videre
838 2281 1144 2346 properantis
1180 2283 1400 2342 domum,

415 2421 419 2425 ,
503 2364 671 2414 videre
705 2367 859 2414 fessos
895 2380 1147 2414 vomerem
1183 2363 1428 2413 inversum
1466 2368 1618 2415 boves

639 2448 767 2495 colla
802 2446 1038 2496 trahentis
1074 2445 1324 2509 languide,

504 2536 775 2590 postosque
812 2543 999 2585 vernas,
1038 2526 1153 2575 ditis
1190 2543 1399 2576 examen
1433 2529 1627 2588 domus,
1850 2536 1903 2590 65

638 2609 820 2657 circum
856 2608 1127 2664 renidentis
1164 2610 1343 2656 Lares.¹

320 2771 384 2822 65.
446 2773 537 2812 The
570 2774 746 2826 spelling
771 2779 905 2826 postes
941 2772 1008 2825 (cf.
1042 2779 1243 2825 repostum
1274 2774 1391 2824 infra,
1427 2785 1490 2814 lx.
1529 2778 1566 2824 ι)
1599 2789 1730 2816 seems
1768 2781 1813 2816 to
1849 2776 1905 2817 be

199 2889 206 2899 ⁵
238 2846 394 2880 correct
423 2840 531 2886 here,
562 2840 720 2892 though
748 2845 857 2879 most
887 2849 982 2879 MSS.
1016 2838 1124 2879 have
1141 2841 1306 2892 positos.
