1930 3060
823 120 891 182 iv,
928 135 975 172 v.
1641 130 1737 185 133

331 270 419 319 per
452 252 634 303 liberos
670 261 734 313 te,
772 251 812 301 si
847 259 1026 300 vocata
1059 251 1299 313 partubus
1716 267 1738 312 5

465 333 658 383 Lucina
691 332 817 383 veris
853 331 1024 405 adfuit,

329 433 418 482 per
451 418 549 465 hoc
583 417 731 465 inane
765 431 1012 479 purpurae
1048 416 1202 464 decus
1239 431 1426 478 precor,

301 491 308 493 i
464 516 552 564 per
585 499 978 564 improbaturum
1013 499 1138 548 haec
1175 500 1363 558 Iovem,

330 581 452 646 quid
488 592 543 632 ut
577 598 793 631 noverca
827 598 909 631 me
943 581 1147 631 intueris
1183 589 1268 629 aut
1303 579 1374 629 uti

465 652 618 728 petita
653 665 780 713 ferro
816 664 963 714 belua
977 665 1019 712 ?'
1690 681 1740 711 10

329 755 384 796 ut
417 747 542 796 haec
577 745 807 796 trementi
843 755 1050 809 questus
1085 761 1172 795 ore
1207 742 1430 801 constitit

462 828 738 893 insignibus
773 829 925 892 raptis
962 845 1097 893 puer,

327 911 532 976 impube
566 927 763 975 corpuS‚
801 903 949 975 quale
983 920 1155 975 posset
1190 908 1343 974 impia

462 994 655 1044 mollire
689 994 943 1043 Thracum
980 1003 1197 1057 pectora,

329 1076 556 1138 Canidia,
593 1075 825 1126 brevibus
861 1075 1116 1139 implicata
1150 1073 1329 1138 viperis
1687 1089 1735 1133 15

461 1158 609 1209 crinis
644 1168 695 1208 et
729 1158 1039 1222 incomptum
1077 1166 1242 1221 caput,

326 1240 466 1292 iubet
500 1241 737 1306 sepulcris
771 1240 1032 1304 caprificos
1067 1248 1246 1299 erutaS‚

463 1322 601 1371 iubet
634 1336 892 1384 cupressos
926 1319 1148 1369 funebris

328 1414 380 1455 et
412 1414 563 1454 uncta
597 1403 753 1468 turpis
788 1419 883 1452 ova
917 1418 1065 1451 ranae
1100 1401 1341 1465 sanguine

465 1488 784 1550 plumamque
819 1494 1091 1535 nocturnae
1127 1484 1287 1548 strigis
1683 1500 1738 1531 20

329 1569 622 1633 herbasque,
657 1584 782 1631 quas
819 1568 985 1617 Iolcos
1019 1577 1170 1631 atque
1209 1567 1418 1616 Hiberia

464 1649 614 1699 mittit
647 1665 952 1699 venenorum
988 1651 1134 1710 ferax,

329 1740 380 1781 et
413 1747 527 1782 ossa
559 1732 624 1782 ab
659 1748 745 1782 ore
778 1742 917 1795 rapta
952 1731 1144 1782 ieiunae
1179 1731 1316 1782 canis

462 1811 673 1862 flammis
707 1812 847 1862 aduri
885 1813 1148 1864 Colchicis.

327 1904 378 1943 at
413 1893 646 1964 expedita
681 1896 876 1958 Sagana
909 1910 997 1958 per
1031 1905 1188 1945 totam
1226 1897 1434 1945 domum
1682 1914 1731 1958 25

460 1991 696 2039 spargens
731 1975 990 2025 Avernalis
1026 1993 1183 2040 aquas

324 2056 488 2107 horret
523 2056 715 2121 capillis
753 2068 805 2107 ut
843 2058 1059 2108 marinus
1094 2059 1280 2123 asperis

457 2127 663 2188 echinus
698 2149 783 2189 aut
818 2156 1019 2190 currens
1053 2158 1187 2205 aper.
1257 2124 1263 2144 ³

323 2218 500 2269 abacta
537 2221 671 2269 nulla
706 2220 832 2271 Veia
867 2220 1173 2272 conscientia

455 2300 705 2365 ligonibus
743 2302 877 2353 duris
913 2305 1119 2353 humum
1678 2322 1735 2367 30

323 2382 641 2433 exhauriebat
676 2383 931 2448 ingemens
967 2369 1231 2448 laboribuS,

457 2480 560 2529 quo
596 2477 765 2529 posset
802 2466 1016 2539 infossus
1052 2485 1177 2533 puer

321 2546 473 2610 longo
509 2545 592 2596 die
627 2546 703 2597 bis
739 2558 909 2613 terque
946 2559 1164 2601 mutatae
1201 2550 1345 2614 dapis

456 2627 666 2679 inemori
703 2634 1002 2694 spectacu10‚

55 2721 384 2843 augam.
408 2724 607 2767 Heinsius
628 2725 713 2779 (ob.
740 2725 860 2779 1681)
880 2729 1088 2783 proposed
1108 2729 1301 2771 Laurens
1318 2737 1429 2784 aper,
1449 2730 1584 2771 which
1605 2744 1728 2784 many
