1930 3060
718 123 832 165 LIB.
873 123 907 164 Ι.
948 111 1060 173 Χνὶ,
1099 110 1228 161 xvii.

884 299 1056 347 XVII.

268 418 430 467 Velox
463 433 730 467 amoenum
766 431 915 477 saepe
953 413 1254 462 Lucretilem

267 507 426 549 mutat
462 501 661 562 Lycaeo
698 499 901 546 Faunus
937 506 987 545 et
1022 495 1219 559 igneam

334 581 558 632 defendit
588 571 833 630 'aestatem
869 577 1072 640 capellis

402 680 560 728 usque
595 663 720 712 mei's
754 660 1048 726 pluviosque
1083 668 1271 708 ventos.

268 778 472 844 impune
506 788 667 828 tutum
703 795 792 842 per
826 794 1001 827 nemus
1037 777 1239 824 arbutos
1287 781 1290 784 ’

268 870 511 925 quaerunt
546 861 743 910 latentis
779 869 828 909 et
863 861 1033 923 thyma
1068 858 1241 907 deviae

335 941 515 993 olentis
550 930 726 991 uxores
761 939 935 999 mariti,

403 1041 499 1074 nec
531 1023 699 1075 vin‘dis
734 1030 963 1072 metuunt
998 1021 1228 1071 colubras

269 1157 364 1190 nec
400 1139 640 1190 Martialis
675 1138 918 1189 haediliae
953 1139 1112 1200 lupos,

271 1232 540 1286 utcumque
576 1221 724 1280 dulci,
761 1219 995 1284 Tyndari,
1032 1219 1198 1267 fistula

336 1294 488 1354 valles
524 1314 573 1354 et
610 1302 815 1354 Usticae
851 1300 1078 1351 cubantis

405 1385 534 1435 levia
568 1401 869 1448 personuere
904 1399 1035 1432 saxa.

271 1499 322 1548 di
358 1515 439 1549 me
473 1508 685 1558 tuentur,
725 1499 801 1548 dis
837 1497 993 1561 pietas
1030 1513 1142 1546 mea

271 1589 322 1631 et
359 1582 507 1630 Musa
542 1580 680 1629 cordi
715 1589 801 1629 est.
874 1578 990 1627 hinc
1025 1578 1115 1627 tibi
1149 1577 1298 1640 copia
1326 1602 1377 1637 Qs

340 1660 563 1711 manabit
596 1661 662 1711 ad
696 1661 899 1724 plenum
934 1659 1151 1723 benigno

405 1742 526 1791 ruris
560 1743 806 1792 honorum
843 1743 1080 1807 opulenta
1115 1756 1284 1790 cornu.

270 1858 351 1909 hic
385 1860 438 1909 in
472 1860 677 1910 reducta
709 1861 837 1909 valle
874 1858 1145 1911 Caniculae

269 1939 446 1991 vitabis
480 1951 644 1991 aestus
680 1951 729 1990 et
764 1942 862 1990 fide
899 1940 1022 1990 Teia

338 2022 475 2074 dices
508 2022 778 2074 laborantis
813 2022 865 2071 in
901 2039 1003 2072 uno

406 2105 694 2167 Penelopen
730 2103 1035 2167 vitreamque
1072 2103 1265 2154 Circen.

267 2218 350 2268 hic
384 2219 661 2270 innocentis
699 2221 879 2283 pocula
915 2220 1084 2270 Lesbii

269 2302 422 2352 duces
457 2303 551 2351 sub
587 2303 775 2361 umbra,
814 2318 907 2350 nec
943 2301 1213 2352 Semeleius

335 2399 451 2432 cum
490 2385 652 2433 Marte
688 2384 962 2434 confundet
997 2385 1269 2449 Thyoneus

402 2463 601 2527 proelia,
640 2480 733 2513 nec
769 2474 959 2514 metues
994 2474 1278 2528 protervum

268 2597 498 2651 suspecta
534 2589 734 2651 Cyrum,
773 2605 837 2638 ne
873 2591 1002 2654 male
1037 2588 1221 2652 dispari

268 2668 621 2719 incontinentis
656 2669 825 2719 iniciat
860 2686 1035 2727 manus

336 2758 386 2799 et
420 2750 614 2799 scindat
648 2750 932 2800 haerentem
971 2767 1208 2800 coronam

403 2831 621 2881 crinibus
655 2832 1050 2897 immeritamque
1084 2843 1287 2883 vestem.

1754 116 1817 168 19

1767 1232 1816 1262 10

1765 1672 1813 1717 1⁵

1761 2121 1815 2151 20

1759 2605 1810 2649 25
