1930 3060
741 154 854 194 LIB.
895 153 929 193 Ι.
970 154 1151 191 ιι-ιιι,
1546 160 1550 164 ·
1763 142 1790 198 5

896 359 995 407 ΙΙΙ.

384 509 465 559 Sic
499 516 550 556 te
586 503 700 555 diva
735 511 914 566 potens
951 498 1119 563 Cypri,

519 588 590 637 sic
624 588 792 635 fratres
831 585 1075 641 Helenae,
1114 581 1282 630 lucida
1318 579 1493 638 sidera,

384 676 745 732 ventorumque
781 674 916 729 regat
950 675 1088 728 pater

521 749 770 801 obstrictis
805 747 911 796 aliis
948 755 1140 810 praeter
1178 747 1380 809 Iapyga,

386 834 540 891 navis,
577 848 705 895 quae
742 830 832 879 tibi
869 829 1114 878 creditum
1775 837 1797 881 5

521 916 675 965 debes
709 911 995 975 Vergilium,
1032 911 1214 959 finibus
1249 907 1426 958 Atticis

388 999 567 1048 reddas
602 997 906 1046 incolumem
941 1009 1117 1057 precor

523 1089 574 1129 et
608 1094 771 1128 serves
806 1076 1003 1125 animae
1039 1074 1302 1124 dimidium
1339 1088 1493 1121 meae.

390 1162 459 1211 illi
493 1164 644 1212 robur
678 1169 729 1210 et
763 1176 847 1208 aes
883 1158 1058 1221 triplex
1501 1205 1505 1208 ,

525 1245 656 1293 circa
690 1251 865 1305 pectus
901 1249 1016 1297 erat,
1055 1239 1141 1302 qui
1177 1237 1396 1301 fragilem
1435 1234 1560 1285 truci
1755 1251 1804 1280 10
1831 1266 1842 1281 2

393 1325 642 1375 commisit
677 1326 858 1388 pelago
894 1332 1051 1371 ratem

529 1406 733 1471 primus,
771 1422 867 1454 nec
902 1404 1063 1453 timuit
1098 1402 1419 1467 praecipitem
1456 1398 1677 1448 Africum
1725 1402 1731 1423 ‘

395 1490 734 1538 decertantem
771 1486 1119 1550 AquilonibUS‚

531 1587 626 1620 nec
661 1569 810 1619 tristis
848 1569 1069 1632 Hyadas,
1109 1585 1202 1617 nec
1237 1566 1426 1616 rabiem
1463 1564 1599 1624 Noti,

398 1668 500 1716 quo
533 1668 637 1701 non
673 1651 854 1700 arbiter
892 1650 1115 1699 Hadriae
1759 1659 1806 1704 15

535 1733 704 1793 maior,
742 1734 914 1782 tollere
951 1749 1039 1782 seu
1075 1748 1262 1795 ponere
1298 1731 1403 1780 vult
1436 1730 1574 1778 freta.

400 1833 550 1880 quem
585 1814 756 1865 mortis
791 1814 955 1864 timuit
989 1815 1208 1878 gradum,

535 1897 621 1960 qui
656 1896 797 1946 siccis
834 1896 990 1946 oculis
1027 1906 1247 1945 monstra
1283 1893 1519 1954 natantia,

400 1979 486 2045 qui
520 1979 641 2030 vidit
676 1995 812 2027 mare
847 1978 1100 2028 turbidum
1139 1981 1206 2027 et'

535 2060 731 2111 infamis
767 2061 999 2124 scopulos
1038 2058 1433 2110 Acroceraunia?
1760 2075 1812 2105 20

403 2143 733 2208 nequicquam
771 2144 894 2192 deus
929 2142 1142 2192 abscidit

537 2226 755 2290 prudens
792 2227 999 2275 Oceano
1036 2223 1339 2274 dissociabili

403 2317 567 2367 terraS,
606 2307 647 2355 si
683 2317 850 2357 tamen
885 2306 1069 2371 impiae

540 2404 643 2438 non
679 2376 931 2452 tangenda
966 2398 1094 2438 rates
1130 2386 1410 2437 transiliunt
1445 2386 1582 2436 vada.

406 2471 570 2521 audax
605 2470 776 2519 omnia
810 2471 1003 2534 perpeti
1764 2483 1814 2526 25

541 2569 664 2616 gens
700 2554 921 2602 humana
955 2553 1051 2602 ruit
1087 2569 1175 2617 per
1210 2550 1418 2602 vetitum
1455 2551 1623 2600 nefas:
1660 2583 1661 2586 =
1702 2572 1707 2574 ·

408 2635 570 2685 audax
606 2635 767 2699 Iapeti
801 2652 959 2699 genus

543 2717 708 2782 ignem
744 2718 917 2767 fraude
954 2717 1083 2766 mala
1117 2717 1350 2780 gentibus
1386 2713 1580 2774 intulit3

412 2810 526 2864 post
560 2799 725 2863 ignem
760 2798 980 2849 aetheria
1015 2800 1170 2848 domo

545 2882 844 2931 subductum
881 2880 1065 2931 macies
1102 2891 1150 2930 et
1186 2896 1316 2929 nova
1349 2877 1562 2928 febrium
1769 2894 1821 2938 30
