1930 3060
686 122 922 162 HORATI
961 121 1203 162 CARMIN
1210 121 1302 163 UM

433 240 641 291 tardavit
677 243 791 300 alas,
830 259 945 291 cum
980 242 1194 305 populus
1230 243 1458 303 frequens

432 323 617 372 laetum
651 322 852 372 theatris
887 331 961 371 ter
994 322 1184 385 crepuit
1220 338 1428 370 sonum:

501 419 582 452 me
618 412 818 452 truncus
853 402 1055 466 illapsus
1091 404 1294 452 cerebro

566 486 838 544 sustulerat,
876 485 970 534 nisi
1007 488 1207 534 Faunus
1241 484 1392 533 ictum

433 580 603 627 dextra
635 580 858 637 levasset,
897 578 1264 628 Mercurialium

434 669 600 708 custos
634 658 861 708 virorum.
934 660 1140 708 reddere
1174 659 1398 709 victimas

501 742 777 804 aedemque
812 740 1027 789 votivam
1064 750 1347 796 memento:

570 839 662 872 nos
697 822 933 872 humilem
969 821 1197 872 feriemus
1233 838 1425 886 agnam.

904 1014 1101 1062 XVIII.

436 1149 552 1196 Non
590 1148 713 1195 ebur
747 1162 909 1208 neque
945 1161 1146 1193 aureum

570 1244 680 1276 mea
715 1225 907 1275 renidet
942 1225 992 1274 in
1029 1226 1181 1275 domo
1217 1227 1432 1287 lacunar,

434 1324 537 1357 non
572 1310 736 1357 trabes
775 1306 1064 1370 Hymettiae

570 1396 802 1452 premunt
837 1387 1095 1436 columnas
1130 1385 1302 1435 ultima
1335 1385 1512 1456 recisas

437 1467 614 1528 Africa,
652 1483 816 1530 neque
852 1468 1003 1516 Attali

571 1548 768 1612 ignotus
803 1548 946 1596 heres
980 1546 1161 1611 regiam
1197 1546 1454 1610 occupavi,

436 1646 530 1679 nec
566 1627 840 1677 Laconicas
878 1627 998 1676 mihi

570 1711 771 1759 trahunt
805 1711 1043 1758 honestae
1077 1725 1317 1773 purpuras
1353 1709 1576 1760 clientae.

436 1801 487 1841 at
522 1793 646 1841 fides
680 1800 730 1840 et
766 1790 932 1854 ingeni

571 1872 788 1936 benigna
821 1889 948 1945 vena
982 1881 1071 1932 est,
1108 1889 1477 1967 pauperemque
1511 1872 1650 1922 dives

439 1971 519 2004 me
554 1953 707 2018 petit:
756 1953 876 2002 nihil
912 1940 1059 2016 supra

540 2037 696 2084 'de'os
732 2035 921 2083 lacesso
958 2050 1051 2084 nec
1086 2042 1342 2097 potentem
1377 2033 1589 2083 amicum

438 2115 645 2177 largiora
679 2111 858 2176 flagito,
885 2124 889 2135 ²

573 2195 688 2242 satis
724 2195 898 2243 beatus
934 2191 1090 2241 unicis
1125 2191 1331 2242 Sabinis.

441 2274 648 2324 truditur
681 2273 787 2323 dies
824 2273 905 2323 die

574 2372 833 2418 novaeque
868 2364 1076 2419 pergunt
1111 2353 1307 2404 interire
1341 2356 1516 2404 lunae:

438 2447 491 2487 tu
528 2438 742 2487 secanda
777 2453 1021 2486 marmora

524 2519 529 2526 ’
572 2521 706 2567 locas
742 2518 832 2567 sub
867 2512 1033 2581 ipsum
1065 2518 1210 2588 funus
1245 2526 1295 2566 et
1329 2517 1542 2579 sepulcri

438 2591 699 2649 immemor
735 2599 877 2648 struis
914 2600 1105 2658 domos,

574 2681 818 2744 marisque
856 2680 969 2728 Bais
1006 2679 1334 2743 obstrepentis
1370 2696 1510 2743 urges

441 2779 750 2812 summovere
785 2760 941 2818 litora,

574 2861 746 2907 parum
784 2844 1004 2905 locuples
1041 2842 1327 2891 continente
1362 2842 1479 2905 ripa.

1790 1893 1839 1922 10

1789 2699 1842 2728 20
