1930 3060
204 114 272 169 82

722 116 955 157 HORATI
994 115 1338 157 CARMINUM

965 277 1103 323 XVI.

473 389 721 437 Inclusam
758 387 967 435 Danaen
1001 385 1142 433 turris
1177 399 1332 433 aenea

472 469 802 528 robustaeque
837 467 964 515 fores
1000 476 1048 514 et
1085 465 1284 529 vigilum
1319 481 1497 513 canum

473 549 631 598 tristes
666 547 904 598 excubiae
938 546 1217 595 munierant
1251 545 1367 594 satis

607 629 860 679 nocturnis
893 629 957 676 ab
992 626 1236 686 adulteris,

474 746 515 796 si
550 762 653 795 non
688 743 944 802 Acrisium,
981 742 1179 805 virginis
1214 740 1413 791 abditae

475 828 733 877 custodem
768 823 1018 888 pavidum,
1056 822 1280 887 Iuppiter
1313 832 1363 872 et
1397 825 1568 872 Venus

474 909 719 958 risissent:
766 908 870 956 sore
906 905 1036 955 enim
1073 914 1232 954 tutum
1266 903 1358 953 iter
1390 913 1440 954 et
1473 914 1646 968 patens

609 1004 848 1038 converso
882 988 933 1036 in
967 986 1176 1050 pretium
1211 986 1321 1035 deo.

477 1126 647 1159 aurum
682 1125 770 1173 per
802 1108 993 1157 medios
1027 1106 1096 1156 ire
1131 1106 1363 1156 satellites

479 1200 530 1240 et
564 1205 878 1253 perrumpere
913 1198 1046 1238 amat
1080 1204 1196 1237 saxa
1229 1185 1479 1250 potentius

478 1271 581 1321 ictu
616 1270 885 1320 fulmineo:
931 1267 1150 1319 concidit
1184 1267 1376 1331 auguris

614 1351 780 1417 Argivi
816 1352 1006 1410 domuS,
1044 1351 1111 1399 ob
1146 1351 1335 1398 lucrum

483 1478 707 1527 demersa
742 1474 890 1523 exitio
906 1493 920 1536 ;
967 1474 1144 1523 diffidit
1180 1472 1374 1522 urbium

482 1567 648 1621 portas
682 1556 752 1606 vir
789 1555 1005 1604 Macedo
1041 1564 1090 1604 et
1125 1553 1313 1603 subruit
1346 1553 1566 1602 aemulos

483 1654 622 1701 reges
657 1635 972 1698 muneribus,
1020 1650 1223 1684 munera
1257 1633 1453 1684 navium

618 1734 791 1768 saevos
826 1717 1096 1780 illaqueant
1131 1716 1294 1766 duceS.

485 1854 785 1895 crescentem
821 1842 1039 1906 sequitur
1073 1858 1188 1890 cura
1222 1838 1480 1903 pecuniam

486 1925 827 1988 maiorumque
860 1926 1043 1974 fames:
1095 1922 1197 1971 iure
1229 1919 1482 1984 perhorrui

486 2008 585 2055 late
619 2005 942 2068 conspicuum
978 2005 1150 2053 tollere
1183 2001 1431 2060 verticem,

624 2089 906 2146 Maecenas,
943 2085 1167 2148 equitum
1203 2085 1367 2132 decus.

489 2217 675 2272 quanto
709 2206 918 2270 quisque
953 2204 1047 2254 sibi
1080 2205 1220 2268 plura
1253 2199 1515 2265 negaverit,

490 2292 554 2339 ab
590 2289 666 2339 dis
701 2291 840 2352 plura
874 2289 1025 2337 feret:
1071 2285 1141 2334 nil
1176 2283 1483 2348 cupientium

490 2373 651 2420 nudus
686 2379 842 2419 castra
877 2378 996 2432 peto
1032 2377 1081 2417 et
1116 2367 1364 2429 transfuga
1397 2362 1603 2413 divitum

624 2451 774 2515 partis
810 2451 1031 2513 linquere
1065 2447 1236 2512 gestio,

490 2581 805 2636 contemptae
841 2570 1071 2620 dominus
1107 2567 1413 2633 splendidior
1446 2565 1529 2625 rei,

493 2671 643 2718 quam
679 2653 720 2702 si
755 2651 991 2716 quicquid
1026 2659 1130 2699 arat
1163 2649 1370 2714 impiger
1402 2648 1595 2711 Apulus

494 2736 743 2784 occultare
777 2732 898 2782 meis
934 2732 1121 2781 dicerer
1154 2730 1353 2788 horreis,

628 2831 830 2879 magnas
865 2813 991 2862 inter
1024 2828 1146 2875 opes
1180 2811 1335 2874 inops.

1825 1205 1875 1234 10

1833 2098 1885 2128 20

1836 2581 1885 2625 25
