1930 3060
152 151 223 203 74

673 149 909 189 HORATI
949 149 1293 190 CARMINUM

422 269 644 333 quamvis
680 286 782 318 non
818 270 941 319 alius
977 273 1173 321 flectere
1207 289 1387 334 equum
1425 272 1584 321 sciens

423 368 582 414 aeque
618 352 918 421 conspicitur
952 353 1170 416 gramine
1206 353 1402 411 Martio,

492 450 586 482 nec
621 433 884 496 quisquam
920 434 1045 482 citus
1081 450 1238 496 aeque

560 517 728 562 Tusco
763 515 966 563 denatat
1000 516 1154 563 alveo.

426 617 582 680 prima
617 626 763 665 nocte
800 618 1005 666 domum
1041 618 1216 666 claude
1251 634 1414 681 neque
1449 617 1500 666 in
1535 617 1638 666 vias

427 699 519 747 sub
555 707 702 746 cantu
738 699 971 760 querulae
1007 698 1209 761 despice
1246 698 1408 759 tibiae,

497 789 546 828 et
582 788 631 827 te
665 794 813 841 saepe
849 780 1046 828 vocanti

562 861 735 909 duram
770 859 980 909 difficilis
1014 877 1176 912 mane.

920 1103 1069 1150 VIII.

437 1229 627 1279 Martiis
663 1231 858 1279 caelebs
894 1230 1017 1293 quid
1051 1247 1195 1295 agam
1233 1230 1493 1290 KalendiS,

435 1311 557 1374 quid
592 1311 743 1361 velint
780 1312 922 1360 flores
958 1322 1007 1361 et
1041 1328 1208 1362 acerra
1241 1314 1360 1362 turis

436 1395 586 1456 plena
620 1392 806 1441 miraris
841 1392 1128 1457 positusque
1164 1395 1314 1443 carbo
1350 1393 1400 1442 in

571 1474 790 1538 caespite
824 1474 949 1535 viVO,

439 1577 587 1626 docte
623 1594 874 1627 sermones
909 1577 1162 1641 utriusque
1195 1578 1406 1642 linguae.

439 1674 666 1707 voveram
705 1658 862 1708 dulcis
898 1660 1069 1723 epulas
1104 1669 1154 1709 et
1188 1661 1356 1709 album

441 1739 622 1790 Libero
659 1757 861 1804 caprum
896 1757 1054 1804 prope
1089 1741 1338 1790 funeratus

573 1821 759 1870 arboris
794 1821 908 1871 ictu.

440 1920 519 1970 hic
555 1921 660 1970 dies
695 1938 828 1971 anno
863 1923 1102 1972 redeunte
1137 1924 1287 1972 festus

440 2002 674 2051 corticem
710 2003 1000 2053 adstrictum
1037 2003 1148 2067 pice
1184 2004 1470 2054 demovebit

442 2085 709 2146 amphorae
743 2086 932 2133 fumum
970 2084 1138 2134 bibere
1174 2085 1428 2135 institutae

577 2167 782 2215 consule
817 2167 981 2215 Tullo.

444 2282 596 2326 sume,
635 2268 919 2326 Maecenas,
957 2268 1161 2331 cyathos
1194 2268 1341 2317 amici

445 2346 644 2410 sospitis
677 2358 892 2408 centum,
931 2359 980 2398 et
1015 2339 1172 2413 vigili's
1207 2351 1429 2399 lucernas

442 2430 603 2491 perfer
636 2429 686 2477 in
722 2431 917 2490 lucem3
962 2433 1134 2493 procul
1169 2430 1330 2480 omnis
1364 2441 1472 2481 esto

577 2512 765 2560 clamor
797 2521 849 2560 et
881 2513 964 2561 ira.

445 2612 588 2662 mitte
623 2612 776 2662 civilis
812 2629 959 2676 super
993 2614 1113 2663 urbe
1147 2631 1320 2666 curas:

445 2692 627 2742 occidit
664 2693 791 2743 Daci
827 2694 1079 2744 Cotisonis
1114 2711 1308 2759 agmen,

449 2775 630 2823 Medus
666 2774 870 2824 infestus
906 2775 997 2824 sibi
1034 2776 1266 2826 luctuosis

582 2854 790 2904 dissidet
826 2856 987 2918 armis,

1772 295 1819 334 25

1777 718 1830 759 30

1795 2025 1843 2054 ῐΟ

1799 2449 1842 2492 15

1793 2876 1848 2908 20
