1930 3060
748 130 863 169 LIB.
904 129 940 169 1.
980 116 1192 167 x—xii.
1748 123 1768 160 1
1780 122 1808 175 3

403 251 524 316 quid
559 251 691 315 prius
727 250 894 300 dicam
930 247 1087 298 solitis
1122 245 1339 311 parentis

403 333 649 393 laudibus,
685 331 771 395 qui
803 347 881 380 res
916 329 1178 379 hominum
1214 344 1273 376 ac
1308 327 1533 386 deorum,

404 415 493 478 qui
527 430 662 463 mare
697 423 746 463 et
782 422 931 462 terras
966 410 1209 473 variisque
1244 409 1488 457 mundum
1767 422 1812 466 15

542 502 784 557 temperat
819 492 988 542 horis?

408 614 544 662 unde
580 610 648 659 nil
684 610 839 659 maius
875 617 1136 672 generatur
1169 606 1281 669 ipso

387 710 504 759 *nec
539 677 973 756 viget-quicquam
1010 688 1170 738 simile
1206 696 1291 735 aut
1328 685 1602 736 secundum
1620 703 1634 746 3

410 773 665 839 proximos
698 772 768 821 illi
804 781 971 820 tamen
1007 767 1272 833 occupavit

546 855 709 904 Pallas
743 854 971 912 honores,
1767 866 1820 896 20

414 972 613 1039 proeliis
648 971 843 1030 audax3
891 985 1055 1031 neque
1092 977 1140 1016 te
1177 966 1350 1026 silebo,

413 1056 577 1114 Liber,
616 1062 666 1103 et
701 1051 861 1102 saevis
897 1050 1100 1099 inimica
1134 1048 1271 1111 virgo

414 1137 589 1197 beluis,
626 1151 721 1185 nec
756 1143 821 1194 te,
858 1131 1128 1181 metuende
1163 1139 1298 1179 certa

550 1218 756 1268 Phoebe
793 1215 981 1280 sagitta.

416 1335 582 1388 dicam
617 1343 668 1384 et
704 1332 915 1382 Alciden
951 1345 1229 1394 puerosque
1267 1329 1451 1388 Ledae,
1773 1343 1824 1387 25

417 1418 551 1466 hunc
586 1414 740 1478 equis,
776 1414 916 1462 illum
953 1427 1182 1475 superare
1217 1410 1397 1473 pugnis

420 1498 670 1554 nobilem
716 1510 927 1558 quorum
963 1492 1110 1541 simul
1145 1492 1260 1540 alba
1295 1490 1457 1540 nautis

555 1578 696 1626 stella
730 1574 930 1632 refulsit,

423 1692 595 1743 defluit
631 1690 759 1740 saxis
795 1689 1007 1753 agitatus
1042 1704 1199 1746 umor,

423 1774 696 1824 concidunt
730 1772 862 1821 venti
899 1770 1193 1834 fugiuntque
1230 1771 1404 1825 nubes,
1779 1786 1831 1829 30

423 1865 474 1906 et
510 1855 689 1914 minax,
727 1853 863 1917 quod
900 1852 972 1902 sic
1006 1853 1221 1910 voluere,
1258 1862 1417 1914 ponto

558 1935 696 1984 unda
731 1932 991 1983 recumbit.

427 2055 699 2103 Romulum
733 2061 848 2115 post
883 2053 976 2100 hos
1011 2050 1158 2115 prius,
1196 2067 1258 2099 an
1295 2049 1522 2112 quietum

426 2134 641 2199 Pompili
676 2150 880 2198 regnum
916 2148 1205 2192 memorem,
1243 2149 1307 2180 an
1342 2131 1585 2194 superbos

423 2215 664 2280 Tarquini
700 2217 871 2274 fasceS‚
910 2215 1102 2273 dubito,
1140 2230 1205 2262 an
1241 2212 1450 2264 Catonis
1783 2228 1834 2272 35

561 2297 731 2348 nobile
768 2299 933 2346 letum.

239 2461 320 2492 xn.
356 2464 421 2499 20,
457 2463 521 2491 21.
582 2449 675 2490 The
704 2448 977 2502 punctuation
1004 2448 1040 2488 is
1070 2446 1292 2500 Bentley’s.
1356 2447 1486 2498 Many
1516 2445 1672 2486 editors
1705 2450 1779 2498 put
1812 2459 1838 2485 a

157 2518 234 2561 full
250 2527 346 2573 stop
363 2528 407 2559 at
426 2520 593 2559 honores
611 2518 695 2558 and
714 2517 1002 2570 reserproeliis
1019 2517 1164 2556 audax
1181 2523 1226 2557 to
1246 2516 1368 2556 Liber
1389 2514 1458 2568 (cf.
1481 2525 1532 2555 11.
1560 2528 1621 2570 19.
1644 2513 1835 2566 21—28).

162 2589 271 2630 Prof.
296 2590 353 2630 A.
375 2588 541 2629 Palmer
559 2587 704 2628 thinks
730 2587 821 2627 that
838 2587 1012 2639 proeliis
1037 2586 1180 2626 audax
1207 2586 1332 2626 refers
1357 2590 1401 2625 to
1430 2585 1558 2631 Mars,
1581 2585 1676 2624 who
1705 2584 1738 2623 is
1764 2589 1837 2624 not

162 2656 381 2698 otherwise
401 2657 567 2697 named.

242 2736 417 2780 35—37.
476 2726 584 2767 Cato
621 2737 755 2765 seems
794 2725 1072 2777 incongruous
1111 2738 1264 2776 among
1302 2738 1348 2764 so
1388 2737 1512 2775 many
1552 2735 1695 2762 names
1733 2722 1837 2761 from

161 2794 327 2836 ancient
378 2795 552 2848 history.
629 2794 779 2834 Hence
833 2794 1076 2834 Hamacher
1123 2794 1330 2847 proposed
1378 2793 1531 2832 catenis
1575 2792 1838 2832 nobilitatum
1880 2763 1930 2822 ‘V‘

162 2862 372 2919 Regulum
400 2864 481 2904 and
514 2862 625 2903 Pros.
658 2862 879 2903 Housman
907 2862 1061 2902 catenis
1089 2862 1238 2913 (nobile
1248 2861 1282 2911 Ι)
1312 2862 1464 2901 laetum
1495 2861 1595 2913 Reg-
