1930 3060
725 124 838 164 LIB.
881 125 916 164 Ι.
957 112 1240 164 xiv—xvi.
1752 122 1814 176 17

267 249 433 298 hastas
468 256 519 298 et
553 247 732 296 calami
766 247 959 311 spicula
996 244 1171 297 Cnosii

266 329 444 380 vitabis
479 329 840 393 strepitumque
875 338 925 378 et
961 329 1173 377 celerem
1210 326 1351 389 sequi

265 412 504 461 Aiacem:
555 420 737 470 tamen,
775 411 886 470 heu,
926 426 1062 459 serus
1096 410 1347 458 adulteros

401 493 560 543 crines
594 495 796 557 pulvere
831 491 1053 542 collineS.
1761 506 1816 536 20

265 635 368 669 non
404 617 716 677 Laertiaden,
755 616 959 667 exitium
997 626 1111 664 tuae

265 699 440 765 gentiS,
478 715 582 748 non
618 698 811 763 Pylium
851 700 1066 747 Nestora
1101 693 1340 758 respicis?

267 790 443 844 urgent
477 778 716 842 impavidi
753 788 802 828 te
838 776 1137 828 Salaminius

401 863 610 920 Teucer,
646 869 696 909 te
732 859 996 909 Sthenelus
1031 856 1192 906 sciens

265 1003 476 1051 pugnae,
515 987 618 1036 sive
654 1002 779 1050 opus
816 994 890 1035 est
924 982 1206 1048 imperitare
1242 980 1396 1045 equis,
1761 999 1813 1043 25

267 1085 370 1118 non
405 1068 572 1133 auriga
606 1068 756 1132 piger.
833 1067 1096 1116 Merionen
1133 1081 1335 1129 quoque

267 1166 458 1200 nosces.
531 1166 650 1199 ecce
684 1147 798 1198 furit
833 1157 883 1198 te
918 1147 1132 1210 reperire
1168 1156 1307 1196 atrox

401 1231 639 1295 Tydides,
677 1230 852 1280 melior
887 1239 1054 1293 patre:

270 1373 421 1420 quem
455 1366 525 1417 tu,
561 1372 736 1406 cervus
771 1355 842 1404 uti
878 1354 1018 1404 vallis
1053 1354 1105 1403 in
1140 1355 1294 1404 altera

267 1437 426 1487 visum
462 1446 599 1502 parte
634 1439 808 1500 lupum
844 1436 1077 1500 graminis
1114 1436 1392 1497 immemor,
1763 1454 1816 1496 30

271 1518 471 1568 sublimi
506 1518 662 1583 fugies
698 1518 861 1567 mollis
895 1517 1131 1578 anhelitu,

404 1615 508 1649 non
543 1601 642 1648 hoc
677 1598 926 1662 pollicitus
962 1608 1089 1648 tuae.

269 1723 504 1773 iracunda
539 1724 672 1774 diem
709 1726 920 1787 proferet
958 1723 1052 1773 Ilio

269 1806 605 1867 matronisque
642 1805 888 1868 Phrygum
926 1806 1097 1853 classis
1132 1803 1374 1856 Achilleit

268 1894 382 1949 post
416 1893 574 1934 certas
610 1883 796 1935 hiemes
832 1893 938 1934 uret
975 1885 1222 1935 Achaicus
1761 1903 1813 1948 35

402 1965 528 2030 ignis
566 1965 741 2016 Iliacas
777 1967 987 2016 domos!

900 2144 1039 2192 XVI.

269 2263 318 2315 Ο
353 2273 509 2314 matre
544 2265 748 2329 pulchra
784 2265 883 2315 filia
917 2266 1179 2329 pulchrior,

267 2362 418 2411 quem
454 2347 731 2397 criminosis
766 2364 979 2411 cumque
1014 2350 1151 2399 voles
1186 2347 1410 2399 modum*

334 2445 496 2494 pones
530 2429 721 2492 iambis,
760 2429 863 2481 sive
897 2412 1106 2480 flandi,
1287 2469 1294 2475 .
1438 2424 1443 2432 '

403 2511 508 2563 sive
544 2513 663 2561 mari
701 2511 822 2563 libet
859 2499 1134 2576 Hadriano.
1230 2516 1305 2537 ’Ψ

214 2662 292 2695 xv.
319 2653 386 2707 36.
442 2655 536 2697 The
563 2656 719 2697 second
748 2654 925 2708 syllable
949 2653 998 2696 of
1012 2653 1094 2709 fixe
1119 2619 1204 2694 line
1230 2653 1359 2706 ought
1387 2659 1431 2694 to
1455 2653 1508 2694 be
1535 2653 1647 2706 long.
1710 2653 1750 2693 It
1781 2653 1814 2692 is

134 2720 337 2764 therefore
367 2724 570 2777 probable
607 2725 696 2765 that
729 2725 887 2765 Iliacas
921 2722 956 2763 is
994 2736 1019 2763 a
1056 2723 1168 2776 gloss
1209 2722 1445 2776 (suggested
1476 2724 1530 2776 by
1564 2725 1646 2764 Ilio
1679 2723 1706 2763 1.
1746 2724 1813 2773 33)

135 2788 197 2831 for
241 2791 488 2846 Pergameas
533 2807 580 2833 or
627 2793 862 2833 barbaricas
909 2805 955 2833 or
1003 2792 1256 2832 Dardanias
1302 2805 1350 2831 or
1396 2805 1513 2833 some
1561 2793 1661 2833 such
1701 2792 1814 2832 word

5 2838 23 2862 κ’
138 2857 367 2913 beginning
396 2861 496 2901 with
527 2874 551 2900 a
580 2868 824 2902 consonant.

0 2865 42 3060 ἦ
269 2962 396 2999 Η.
1652 2966 1677 2998 ,
