1930 3060
682 104 918 145 HORAT1
958 105 1199 146 CARMIN
1211 107 1303 148 UM

939 372 1030 419 IX.

430 536 546 583 Non
584 550 779 597 semper
813 533 995 583 imbres
1032 534 1250 584 nubibus
1285 533 1509 598 hispidos

430 625 634 664 manant
669 616 718 663 in
755 631 896 679 agros
931 625 1016 664 aut
1051 632 1184 664 mare
1221 616 1458 680 Caspium

494 705 673 745 vexant
709 695 992 758 inaequales
1027 697 1271 759 procellae

559 792 730 838 usque,
768 792 861 825 nec
896 775 1140 825 Armeniis
1174 775 1226 823 in
1261 775 1372 835 oris,

431 939 589 988 amice
625 938 781 1002 Valgi,
820 948 915 988 stat
949 939 1131 1003 glacies
1164 939 1295 989 iners

432 1036 626 1068 menses
661 1035 748 1083 per
783 1020 943 1068 omnis
979 1028 1065 1068 aut
1101 1019 1431 1082 Aquilonibus

502 1109 732 1163 querceta
766 1099 980 1163 Gargani
1016 1101 1241 1149 laborant

567 1192 616 1231 et
650 1182 779 1231 foliis
814 1181 1078 1230 viduantur
1112 1180 1250 1230 orni:

432 1360 486 1399 tu
522 1366 716 1413 semper
749 1366 892 1413 urges
928 1347 1172 1398 flebilibus
1207 1348 1369 1397 modis

436 1433 635 1493 Mysten
671 1432 977 1493 ademptum,
1015 1446 1109 1478 nec
1146 1429 1234 1478 tibi
1272 1432 1497 1492 Vespero

510 1521 738 1575 surgente
774 1512 1024 1560 decedunt
1059 1527 1253 1559 amores

569 1610 663 1641 nec
698 1591 923 1654 rapidum
958 1592 1175 1655 fugiente
1209 1593 1375 1640 solem.

436 1768 484 1806 at
520 1774 622 1806 non
659 1766 730 1805 ter
765 1773 888 1805 aevo
923 1757 1119 1804 functus
1153 1755 1415 1805 amabilem

436 1839 644 1903 ploravit
680 1836 841 1885 omnis
879 1837 1199 1886 Antilochum
1234 1854 1384 1887 senex

502 1936 674 1979 annos,
714 1934 806 1967 nec
839 1916 1093 1981 impubem
1130 1928 1359 1980 parentes

571 1998 776 2047 Troilon
812 2006 895 2046 aut
930 1996 1168 2061 Phrygiae
1203 2014 1391 2047 sorores

438 2156 614 2215 flevere
651 2181 856 2228 semper.
928 2164 1099 2214 desine
1134 2165 1356 2215 mollium

439 2247 640 2295 tandem
677 2245 1020 2307 querellarum,
1058 2254 1107 2294 et
1141 2245 1309 2308 potius
1345 2262 1476 2295 nova

507 2337 765 2376 cantemus
800 2325 1009 2390 Augusti
1045 2335 1248 2390 tropaea

576 2407 798 2457 Caesaris
835 2417 884 2456 et
919 2407 1129 2471 rigidum
1166 2407 1418 2471 Niphaten

443 2569 752 2629 Medumque
775 2569 972 2617 flumen
1008 2567 1237 2630 gentibus
1272 2568 1499 2617 additum

443 2649 584 2698 victis
621 2648 834 2696 minores
870 2649 1064 2696 volvere
1099 2648 1319 2707 vertices,

509 2729 733 2791 intraque
768 2729 1124 2791 praescriptum
1162 2729 1383 2778 Gelonos

579 2810 763 2873 exiguis
799 2809 1019 2873 equitare
1051 2807 1253 2873 campis.

1784 1449 1835 1479 10

1789 1938 1871 1982 ยน5-

1788 2427 1841 2457 20
