1930 3060
163 125 232 162 20
685 118 921 160 HORATI
960 119 1303 160 CARMINUM

889 301 1086 348 XVIII.

164 423 376 479 Nullam,
414 422 557 480 Vare,
596 420 732 469 sacra
766 420 865 469 vite
901 420 1036 483 prius
1071 421 1250 471 severis
1284 423 1507 472 arborem

163 501 291 549 circa
325 500 445 549 mite
481 501 640 549 solum
677 499 874 548 Tiburis
909 509 959 549 et
993 501 1192 550 moenia
1227 502 1404 553 Catili:

163 580 302 629 siccis
338 580 504 628 omnia
538 595 653 627 nam
691 581 812 628 dura
847 581 969 629 deus
1003 582 1277 644 proposuit,
1314 597 1477 645 neque

162 662 418 709 mordaces
453 661 590 708 aliter
626 660 886 723 diffugiunt
922 660 1289 711 sollicitudines.

162 741 271 803 quis
306 750 421 803 post
456 741 569 788 vina
602 757 797 803 gravem
833 740 1056 789 militiam
1091 751 1176 791 aut
1210 742 1494 806 pauperiem
1529 746 1737 804 crepat?
1803 759 1824 802 5

163 822 271 887 quis
306 838 407 870 non
443 831 496 871 te
530 812 710 884 potius,
750 823 946 871 Bacche
980 831 1133 884 pater,
1170 831 1333 886 teque,
1369 824 1554 873 decens
1589 825 1793 872 Venus?

90 900 107 921 ¹
162 920 222 963 ac
256 903 431 966 nequis
467 903 650 952 modici
686 903 924 953 transiliat
959 920 1164 953 munera
1199 904 1376 964 Liberi,

164 985 441 1035 Centaurea
475 993 645 1033 monet
678 1000 792 1032 cum
829 984 1050 1048 Lapithis
1085 984 1188 1034 rixa
1222 1002 1370 1048 super
1403 1000 1539 1034 mero

164 1066 425 1124 debellata,
462 1075 630 1114 monet
666 1065 901 1115 Sithoniis
937 1082 1038 1115 non
1074 1061 1195 1115 levis
1231 1064 1432 1124 Euhius,

164 1162 278 1195 cum
312 1147 385 1195 fas
420 1155 569 1209 atque
604 1148 739 1195 nefas
776 1146 953 1211 exiguo
987 1148 1086 1196 fine
1121 1147 1380 1197 libidinum
1779 1164 1830 1195 10

164 1227 454 1276 discernunt
481 1226 624 1275 avidi.
696 1244 798 1276 non
835 1243 927 1290 ego
963 1238 1027 1287 te,
1063 1227 1275 1277 candide
1312 1229 1566 1287 Bassareu,

166 1307 373 1369 invitum
409 1307 624 1369 quatiam
661 1323 756 1356 nec
789 1308 932 1357 variis
968 1307 1132 1357 obsita
1165 1306 1422 1356 frondibus

166 1389 258 1436 sub
292 1386 461 1436 divum
496 1386 697 1450 rapiam.
770 1404 916 1437 saeva
951 1398 1066 1437 tene
1100 1404 1216 1436 cum
1253 1387 1543 1450 Berecyntio

166 1485 321 1517 cornu
357 1477 607 1531 tympana,
649 1482 776 1528 quae
811 1467 1126 1531 subsequitur
1159 1483 1336 1517 caecus
1371 1483 1511 1516 amor
1545 1465 1621 1516 sui

167 1557 217 1598 et
249 1550 428 1597 tollens
462 1564 671 1596 vacuum
707 1549 818 1611 plus
854 1549 1007 1597 nimio
1041 1547 1195 1612 glotia
1228 1547 1462 1597 verticem
1782 1566 1829 1609 15

167 1627 430 1691 arcanique
464 1629 586 1677 fides
621 1628 840 1691 prodiga,
876 1627 1176 1691 perlucidior
1208 1626 1347 1677 vitm.

924 1809 1064 1855 XIX.

372 1931 535 1979 Mater
569 1946 714 1979 saeva
749 1929 1053 1992 Cupidinum

500 2010 872 2072 Thebanaeque
907 2009 1046 2057 iubet
1081 2024 1163 2058 me
1197 2009 1420 2059 Semelae
1453 2024 1575 2072 puer

371 2098 420 2138 et
454 2088 636 2138 lasciva
671 2088 894 2139 Licentia

503 2169 650 2219 finitis
685 2168 906 2219 animum
941 2170 1147 2220 reddere
1179 2169 1444 2219 amoribus·

370 2248 464 2297 urit
498 2266 579 2299 me
614 2251 852 2313 Glycerae
887 2249 1017 2299 nitor
1810 2265 1832 2311 5

505 2329 812 2392 splendentis
847 2329 990 2378 Pario
1025 2345 1267 2379 marmore
1302 2327 1486 2396 purius,

371 2408 467 2457 urit
499 2418 635 2472 grata
669 2408 958 2472 protervitas

506 2498 555 2538 et
587 2491 751 2538 vultus
786 2489 992 2539 nimium
1027 2489 1242 2539 lubricus
1275 2487 1442 2552 aspici.

371 2568 422 2617 in
458 2585 538 2618 me
572 2579 677 2619 tota
711 2586 859 2619 ruens
893 2571 1066 2619 Venus

506 2652 724 2713 Cyprum
760 2650 988 2709 deseruit,
1025 2666 1120 2699 nec
1154 2649 1339 2712 patitur
1372 2651 1577 2720 Scythas
1785 2668 1836 2698 ιο

373 2740 422 2780 et
456 2732 605 2780 versis
641 2732 917 2781 animosum
957 2731 1095 2794 equis

508 2812 742 2878 Parthum
777 2812 940 2860 dicere
975 2827 1069 2860 nec
1103 2827 1230 2874 quae
1269 2810 1389 2859 nihil
1423 2811 1645 2860 attinent.
