1930 3060
183 116 246 166 16

701 124 937 164 HORATI
975 123 1216 164 CARMIN
1225 122 1316 163 UM

309 253 528 313 aequor?
573 267 674 299 non
710 251 797 299 tibi
832 258 946 298 sunt
979 249 1166 311 integra
1201 247 1364 306 lintea,

308 347 410 378 non
446 330 510 389 di,
548 346 671 396 quos
706 330 879 379 iterum
916 345 1085 391 pressa
1117 343 1264 377 voces
1299 329 1444 376 malo.

375 411 597 473 quamvis
621 411 840 459 Pontica
874 411 1031 473 pinus,

443 492 592 541 silvae
627 491 726 540 filia
761 492 953 549 nobilis,

309 602 460 649 iactes
496 610 544 649 et
578 617 732 667 genus
768 609 817 648 et
853 616 1035 648 nomen
1072 597 1255 656 inutile,

309 681 376 728 nil
412 681 554 743 pictis
589 680 788 729 timidus
824 679 988 728 navita
1022 681 1268 742 puppibus

374 762 495 810 fidit.
563 770 615 808 tu
650 761 743 809 nisi
778 759 935 809 ventis

443 843 596 891 debes
630 840 910 899 ludibrium,
949 855 1080 889 cave.

308 965 465 1011 nuper
499 948 762 997 sollicitum
799 964 926 1010 quae
962 946 1081 994 mihi
1115 944 1346 1003 taedium,

309 1044 440 1076 nunc
475 1027 770 1077 desiderium
808 1042 1020 1088 curaque
1056 1042 1157 1075 non
1192 1020 1326 1084 levis,

375 1108 607 1156 interfusa
642 1105 839 1155 nitentis

440 1188 563 1237 vites
598 1203 812 1250 aequora
847 1187 1102 1250 Cycladas.

956 1398 1066 1444 XV.

309 1522 482 1567 Pastor
517 1534 629 1566 cum
666 1518 874 1566 traheret
908 1533 996 1580 per
1030 1518 1152 1565 freta
1187 1515 1395 1564 navibus

310 1598 472 1646 Idaeis
511 1599 741 1646 Helenen
777 1597 990 1659 perfidus
1026 1595 1289 1659 hospitam,

308 1679 497 1742 ingrato
533 1678 702 1727 celeris
737 1676 898 1726 obruit
934 1676 1037 1725 otio

442 1767 615 1807 ventos
651 1766 705 1806 ut
739 1766 935 1805 caneret
971 1758 1070 1805 fera

311 1870 500 1916 Nereus
536 1868 662 1916 fata:
713 1867 870 1914 ‘mala
905 1865 1046 1914 ducis
1082 1864 1159 1913 avi
1194 1865 1416 1922 domum,

309 1964 459 2010 quam
496 1949 651 1996 multo
687 1956 877 2010 repetet
913 1946 1121 1995 Graecia
1156 1945 1324 2003 milite,

308 2027 561 2076 coniurata
595 2037 704 2076 tuas
738 2043 965 2090 rumpere
999 2026 1198 2089 nuptias
1270 2028 1276 2035 '

443 2117 492 2156 et
527 2124 729 2170 regnum
767 2107 946 2155 Priami
980 2115 1132 2155 vetus.

309 2219 405 2266 heu
440 2219 550 2276 heu,
588 2227 798 2279 quantus
833 2216 986 2279 equis,
1025 2224 1236 2278 quantus
1272 2215 1412 2262 adest
1446 2211 1558 2261 viris

310 2299 487 2347 sudor!
534 2306 719 2359 quanta
754 2285 923 2344 moves
959 2296 1130 2342 funera
1166 2294 1429 2342 Dardanae

308 2379 472 2442 genti!
518 2378 618 2426 iam
652 2379 843 2439 galeam
880 2377 1040 2423 Pallas
1075 2383 1124 2423 et
1159 2373 1333 2437 aegida

443 2474 711 2520 currusque
746 2467 794 2506 et
829 2452 1014 2505 rabiem
1050 2464 1199 2518 parat.

310 2566 638 2629 nequicquam
675 2564 881 2613 Veneris
917 2561 1162 2626 praesidio
1197 2562 1333 2610 ferox

309 2657 476 2710 pectes
514 2645 776 2694 caesariem
814 2655 1047 2707 grataque
1082 2642 1278 2692 feminis

309 2726 476 2777 inbelli
511 2725 693 2773 cithara
729 2727 946 2772 carmina
981 2723 1171 2772 divides
1188 2741 1202 2783 3

445 2807 774 2870 nequicquam
809 2807 1028 2854 thalamo
1062 2804 1220 2869 gravis

1786 343 1834 373 10

1788 772 1833 815 15

1783 1201 1837 1231 20

1791 2309 1840 2339 10
