1930 3060
171 130 242 181 86

688 140 928 181 HORATI
967 138 1309 179 CARMINUM

942 287 1053 333 XX.

443 389 561 436 Non
598 386 749 446 vides,
787 388 973 449 Quanto
1009 403 1211 435 moveas
1246 387 1444 449 periclo,

442 469 638 531 Pyrrhe,
677 469 916 517 Gaetulae
953 470 1143 517 catulos
1177 469 1416 517 leaenae?

442 550 563 598 dura
597 558 709 611 post
743 550 893 611 paulo
927 548 1080 611 fugies
1116 548 1358 598 inaudax.

574 629 761 691 proelia
795 639 973 692 raptor,

444 740 558 772 cum
595 739 681 786 per
716 725 959 772 obstantis
993 723 1227 773 iuvenum
1262 732 1481 773 catervas

445 805 535 854 ibit
570 804 812 868 insignem
848 814 1074 868 repetens
1112 806 1423 856 Nearchum:

445 889 631 951 grande
666 896 932 947 certamen,
967 886 1056 936 tibi
1090 888 1275 950 praeda
1308 888 1467 953 cedat,

583 969 739 1017 maior
772 984 836 1017 an
871 968 965 1017 illa.

448 1063 658 1123 interim,
697 1062 814 1110 dum
850 1070 904 1110 tu
940 1062 1110 1111 celeris
1147 1063 1344 1126 sagittas

449 1144 649 1206 promis,
687 1145 809 1192 haec
844 1143 1019 1192 dentes
1055 1143 1187 1192 acuit
1222 1143 1483 1202 timendos,

450 1225 629 1275 arbiter
662 1241 857 1289 pugnae
893 1224 1118 1288 posuisse
1153 1225 1291 1275 nudo

585 1307 679 1355 sub
716 1306 844 1369 pede
879 1307 1095 1369 palmam

452 1403 601 1450 fertur
635 1410 683 1450 et
719 1401 817 1450 leni
852 1417 1070 1450 recreare
1104 1410 1254 1452 vento

452 1498 674 1545 sparsum
711 1481 928 1531 odoratis
963 1499 1189 1532 umerum
1223 1482 1427 1547 capilliS,

449 1563 607 1627 qualis
642 1572 726 1612 aut
763 1562 942 1612 Nireus
977 1563 1068 1612 fuit
1101 1573 1187 1614 aut
1221 1580 1410 1628 aquosa

588 1654 755 1708 raptus
790 1645 853 1693 ab
891 1645 997 1693 Ida.

951 1831 1092 1878 XXI.

458 1933 506 1982 O
541 1939 659 1980 nata
693 1947 890 1980 mecum
925 1934 1130 1981 consule
1166 1931 1373 1995 Manlio,

458 2029 545 2063 seu
582 2022 634 2061 tu
670 2014 911 2075 querellas
947 2013 1048 2063 sive
1084 2016 1210 2078 geris
1243 2014 1382 2064 iocos

525 2111 610 2145 seu
647 2095 799 2144 rixam
837 2104 885 2144 et
919 2095 1121 2146 insanos
1155 2113 1349 2146 amores

593 2193 678 2226 seu
714 2176 925 2236 facilem,
963 2176 1047 2239 pia
1080 2186 1219 2237 testa,
1256 2193 1500 2238 somnum,

459 2289 776 2336 quocumque
812 2275 995 2322 lectum
1031 2272 1235 2323 nomine
1271 2275 1540 2324 Massicum

461 2370 638 2412 servaS,
676 2353 864 2403 moveri
899 2353 1049 2417 digna
1083 2356 1219 2404 bono
1254 2353 1350 2413 die,

435 2484 506 2496 Α
529 2435 793 2494 descende,
833 2434 1051 2485 Corvino
1087 2434 1290 2486 iubente

595 2533 821 2579 promere
857 2515 1163 2579 languidiora
1197 2517 1323 2567 vina.

457 2629 558 2660 non
594 2612 690 2671 ille,
729 2628 1030 2675 quamquam
1066 2611 1327 2662 Socraticis
1363 2614 1532 2663 madet

463 2692 788 2752 sermonibus,
827 2703 876 2742 te
911 2695 1138 2756 negleget
1173 2693 1427 2743 horridus:

464 2763 692 2822 narratur⁴
710 2764 949 2837 ''ef'‘prisci
987 2774 1193 2823 Catonis

597 2871 743 2918 saepe
778 2872 915 2904 mero
951 2855 1158 2904 caluisse
1193 2855 1354 2904 virtus.

1799 1159 1850 1191 10

1804 1579 1853 1624 Ῑ5

1814 2713 1865 2742 10
