1930 3060
8 168 11 169 ¹
0 0 47 146 *ku

664 94 776 134 LIB.
817 94 902 134 111.
944 83 1015 155 iij,
1056 85 1120 135 iv.

318 233 492 267 aurum
529 218 819 281 irrepertum
855 226 905 266 et
942 216 1013 266 sic
1049 215 1224 266 melius
1261 218 1424 276 situm,

318 316 435 350 cum
473 309 601 350 terra
635 300 778 358 celat,
817 315 1051 366 spernere
1085 298 1256 348 fortior

384 398 535 447 quam
571 397 751 446 cogere
787 382 1032 430 humanos
1067 379 1119 429 in
1154 396 1287 440 usuS‚

448 479 599 513 omne
635 480 829 512 sacrum
865 462 1087 526 rapiente
1123 463 1314 522 dextra,

315 574 618 638 quicumque
654 574 846 622 mundo
881 573 1119 622 terminus
1156 573 1360 632 obstitit,

314 656 450 705 hunc
485 656 654 719 tanget
688 655 853 714 armis,
891 655 1048 704 visere
1083 654 1316 718 gestiens,

383 753 483 800 qua
516 746 655 800 parte
691 737 1064 787 debacchentur
1100 736 1253 801 ignes,

449 835 549 882 qua
585 820 797 868 nebulae
832 818 1086 882 pluviique
1121 835 1269 868 rores,

316 930 405 980 sed
442 929 692 979 bellicosis
728 931 829 978 fata
866 929 1144 991 Quiritibus

312 1011 408 1061 hac
440 1013 550 1075 lege
586 1011 715 1072 dim,
756 1027 821 1061 ne
856 1011 1065 1060 nimium
1103 1011 1174 1074 pii

382 1095 631 1158 rebusque
667 1094 880 1143 fidentes
916 1092 1076 1142 avitae

448 1184 582 1224 tecta
615 1175 769 1225 velint
803 1192 1028 1239 reparare
1063 1175 1260 1225 Troiae.

314 1287 496 1337 Troiae
531 1305 794 1338 renascens
830 1288 946 1338 alite
982 1286 1173 1352 lugubri

313 1369 511 1419 fortuna
546 1368 670 1420 tristi
705 1372 847 1420 clade
884 1370 1151 1429 iterabitur,

383 1451 598 1501 ducente
634 1452 857 1502 victrices
894 1462 1116 1501 catervas

448 1533 658 1598 coniuge
695 1551 775 1584 me
813 1534 947 1583 Iovis
982 1543 1033 1583 et
1069 1550 1251 1583 sorore.

315 1650 389 1689 ter
424 1639 464 1688 si
500 1651 716 1704 resurgat
754 1657 920 1689 murus
955 1657 1141 1689 aeneus

314 1732 515 1771 auctore
552 1723 771 1780 Phoebo,
811 1732 884 1772 ter
919 1732 1084 1786 pereat
1121 1723 1242 1772 meis

382 1803 574 1854 excisus
608 1804 815 1869 Argivis,
854 1814 928 1853 ter
962 1822 1085 1853 uxor

448 1895 597 1951 capta
630 1886 787 1935 virum
824 1903 1103 1951 puerosque
1139 1889 1330 1950 ploret.’

315 2012 417 2046 non
452 1997 551 2046 hoc
583 1992 783 2046 iocosae
818 1996 1082 2046 conveniet
1119 1999 1278 2061 lyrae:

315 2093 431 2142 que,
470 2080 632 2137 Musa,
672 2078 872 2128 tendis?
918 2078 1091 2129 desine
1127 2079 1355 2142 pervicax

380 2161 558 2210 referre
593 2177 847 2210 sermones
883 2161 1091 2211 deorum
1127 2171 1178 2211 et

451 2257 634 2307 magna
668 2243 831 2292 modis
870 2254 1070 2293 tenuare
1106 2245 1280 2308 parvis.

847 2461 934 2508 IV.

317 2581 583 2632 Descende
619 2585 759 2633 caelo
797 2594 846 2634 et
881 2585 963 2634 dic
998 2603 1090 2651 age
1126 2586 1248 2637 tibia

317 2664 486 2727 regina
520 2666 722 2727 longum
762 2667 989 2731 Calliope
1027 2671 1199 2728 melos,

382 2762 469 2796 seu
508 2763 628 2795 voce
665 2764 796 2796 nunc
833 2748 987 2797 mavis
1023 2760 1184 2810 acuta,

451 2844 537 2877 seu
574 2827 752 2880 fidibus
787 2830 1035 2883 citharave
1074 2833 1278 2884 Phoebi.

1680 317 1734 360 50

1680 752 1731 797 55

1673 1183 1728 1224 60

1677 2098 1731 2140 70
