1930 3060
735 127 849 168 LIB.
889 126 967 168 IV,
1007 116 1075 168 iv.

262 253 459 302 dextras
493 252 731 311 obarmet,
772 267 1007 312 quaerere
1043 250 1227 310 distuli,

262 349 358 383 nec
393 335 515 382 scire
548 334 621 381 fas
658 342 732 381 est
769 330 973 397 omnia),
1012 333 1099 380 sed
1137 332 1223 381 diu

333 414 531 476 lateque
566 413 791 462 victrices
825 423 1052 462 catervae

399 493 618 544 consiliis
654 493 844 544 iuvenis
879 495 1093 545 revictae

264 658 475 701 sensere,
514 642 635 705 qui’d
671 658 813 691 mens
849 642 955 701 rite,
994 642 1117 706 quid
1153 641 1348 692 indoles

262 723 447 773 nutrita
481 722 652 772 faustis
687 725 779 772 sub
816 724 1151 787 penetralibus

331 813 516 868 posset,
554 804 676 867 quid
711 807 920 869 Augusti
956 815 1190 868 paternus

396 885 450 934 in
487 902 666 949 pueros
702 885 896 934 animus
932 888 1174 936 Nerones.

263 1034 414 1082 fortes
449 1042 678 1081 creantur
712 1033 919 1082 fortibus
957 1041 1006 1082 et
1040 1033 1186 1081 bonis
1203 1048 1218 1092 3

266 1125 339 1164 est
374 1115 425 1163 in
460 1113 695 1174 iuvenciS‚
733 1125 807 1165 est
845 1115 896 1163 in
932 1113 1074 1177 equis
1110 1124 1309 1177 patrum

333 1195 499 1255 virtuS,
537 1212 700 1259 neque
735 1195 988 1246 imbellem
1023 1197 1213 1246 feroces

400 1286 729 1340 progenerant
763 1276 958 1340 aquilae
994 1277 1310 1327 columbam:

267 1419 493 1470 doctrina
527 1421 617 1470 sed
651 1420 753 1469 vim
788 1431 1047 1484 promovet
1082 1420 1295 1479 insitam,

268 1502 487 1565 rectique
520 1504 682 1551 cultus
718 1513 923 1566 pectora
956 1506 1191 1552 roborant
1208 1521 1223 1564 ;

337 1595 607 1647 utcumque
642 1586 868 1635 defecere
904 1602 1080 1646 mores,

405 1665 694 1716 indecorant
730 1668 859 1717 bene
895 1676 1011 1716 nata
1045 1668 1234 1731 culpae.

270 1810 391 1874 quid
426 1811 625 1873 debeas,
663 1828 695 1861 o
733 1813 911 1872 Roma,
953 1811 1251 1870 Neronibu5‚

269 1892 407 1943 testis
444 1895 724 1943 Metaurum
764 1896 947 1945 flumen
983 1905 1034 1946 et
1072 1895 1361 1944 Hasdrubal

335 1975 559 2026 devictus
594 1987 644 2026 et
678 1978 886 2041 pulcher
919 1977 1099 2041 fugatis

403 2058 485 2107 ille
522 2059 628 2108 dies
666 2059 810 2109 Latio
846 2059 1080 2120 tenebriS‚

270 2204 357 2268 qui
393 2205 581 2269 primus
615 2207 746 2255 alma
780 2207 882 2256 risit
918 2207 1116 2267 adorea,

271 2285 407 2335 dirus
441 2303 528 2351 per
562 2289 708 2337 urbes
745 2289 862 2337 Afer
897 2298 949 2336 ut
988 2290 1137 2337 Italas

341 2383 434 2417 ceu
469 2369 667 2418 flamma
702 2385 789 2432 per
823 2370 995 2419 taedas
1031 2371 1110 2419 vel
1147 2371 1306 2419 Eurus

408 2465 496 2512 per
530 2451 718 2499 Siculas
753 2449 988 2514 equitavit
1024 2452 1197 2501 undas,

276 2602 389 2657 post
422 2593 518 2642 hoc
553 2591 784 2642 secundis
818 2609 975 2657 usque
1011 2594 1262 2645 laboribus

278 2674 507 2723 Romana
542 2673 702 2735 pubes
736 2672 902 2733 crevit,
940 2683 990 2723 et
1025 2673 1182 2739 impio

342 2764 531 2803 vastata
567 2756 847 2804 Poenorum
885 2757 1099 2805 tumultu

408 2837 524 2885 sana
558 2837 682 2886 deos
717 2837 933 2887 habuere
968 2849 1143 2899 rect08,

1644 126 1736 180 105

1691 657 1740 701 25

1693 1130 1747 1174 30

1694 1601 1746 1646 35

1693 2077 1749 2117 40

1693 2614 1746 2657 45
