1930 3060
194 98 295 149 144
762 96 999 137 HORATI
1039 97 1287 139 EPODON

256 234 479 281 quaeque
514 227 682 266 carent
716 217 875 267 ventis
911 228 960 267 et
996 220 1182 270 solibus
1217 236 1329 270 ossa
1365 219 1570 283 Quirini,

390 301 527 349 nefas
563 298 760 349 videre!
807 300 1066 364 dissipabit
1101 303 1330 351 insolens.

255 383 379 430 forte
414 382 533 444 quid
570 380 800 444 expediat
836 382 1165 431 communiter
1197 393 1283 431 aut
1318 383 1491 433 melior
1523 400 1634 448 pars
1808 402 1854 447 15

392 462 532 511 malis
569 479 732 511 carere
767 462 998 525 quaeritis
1033 463 1282 514 laboribus
1298 466 1321 513 ?

257 545 391 593 nulla
425 544 486 593 sit
521 544 613 592 hac
648 543 812 607 potior
847 544 1121 594 sententia:
1170 546 1509 596 Phocaeorum

389 626 523 674 velut
558 624 772 688 profugit
803 633 1052 673 exsecrata
1087 623 1256 674 civitas

258 723 398 772 agros
433 717 580 770 atque
616 709 767 755 Lares
801 706 983 769 patrios
1018 705 1386 769 habitandaque
1420 707 1533 755 fana

392 787 520 851 apris
554 786 748 850 reliquit
783 797 832 836 et
867 786 1126 851 rapacibus
1159 786 1300 850 lupis,
1806 806 1859 835 20

258 870 343 930 ire,
377 870 532 932 pedes
569 885 886 932 quocumque
922 871 1092 928 ferent,
1130 884 1447 931 quocumque
1483 885 1571 932 per
1605 868 1764 917 undas

395 953 558 999 Notus
593 949 789 999 vocabit
825 959 908 999 aut
943 960 1195 1014 protervus
1230 951 1436 999 Africus.

261 1032 331 1082 sic
365 1034 543 1096 placet,
579 1049 643 1080 an
678 1031 854 1080 melius
889 1032 999 1095 quis
1035 1034 1184 1082 habet
1220 1033 1461 1081 suadere?
1508 1031 1727 1080 secunda

394 1122 549 1162 ratem
584 1129 825 1176 occupare
861 1112 981 1176 quid
1016 1130 1266 1163 moramur
1299 1112 1450 1162 alite?

263 1197 350 1246 sed
385 1195 598 1244 iuremus
634 1195 685 1242 in
720 1195 873 1244 haec:
924 1195 1099 1243 ‘simul
1134 1195 1243 1243 imis
1279 1211 1395 1243 saxa
1429 1193 1644 1243 renarint
1810 1209 1862 1253 25

396 1276 536 1325 vadis
570 1278 745 1337 levata,
784 1293 847 1326 ne
882 1276 1040 1326 redire
1075 1275 1136 1325 sit
1172 1277 1340 1336 nefas3
1386 1330 1402 1344 ,

228 1383 230 1385 >
264 1375 361 1408 neu
396 1374 632 1408 conversa
667 1360 872 1407 domum
908 1357 1072 1422 pigeat
1107 1359 1224 1407 dare
1259 1359 1424 1417 lintea,
1462 1357 1662 1420 quando

400 1441 566 1489 Padus
602 1439 797 1488 Matina
831 1439 1002 1488 laverit
1037 1440 1308 1498 cacumina,

265 1522 316 1570 in
351 1538 483 1571 mare
520 1538 607 1571 seu
643 1523 803 1571 celsus
838 1520 1131 1584 procurrerit
1167 1519 1514 1584 Appenninus,

401 1620 628 1667 novaque
663 1613 884 1652 monstra
918 1602 1126 1652 iunxerit
1161 1602 1365 1651 libidine
1815 1619 1869 1662 30

268 1685 417 1734 mirus
452 1702 605 1746 amor,
644 1684 775 1733 iuvet
812 1693 867 1732 ut
902 1683 1035 1747 tigris
1071 1683 1326 1733 subsidere
1362 1684 1530 1744 cervis,

401 1769 700 1817 adulteretur
734 1776 782 1815 et
818 1766 1050 1814 columba
1084 1764 1252 1825 miluo,

268 1850 468 1899 credula
503 1866 595 1898 nec
630 1865 773 1898 ravos
807 1847 1015 1897 timeant
1050 1857 1273 1896 armenta
1308 1849 1492 1907 leoneS,

405 1939 634 1992 ametque
670 1918 796 1979 salsa
830 1929 950 1979 levis
987 1929 1148 1978 hircus
1184 1931 1429 1992 aequora.'

271 2011 393 2059 haec
429 2019 478 2059 et
512 2026 640 2073 quae
675 2018 909 2072 poterunt
945 2008 1131 2057 reditus
1165 2008 1456 2058 abscindere
1493 2007 1648 2058 dulcis
1819 2022 1870 2066 35

405 2109 575 2142 eamus
611 2092 775 2142 omnis
810 2100 1057 2140 exsecrata
1091 2091 1279 2150 civitaS,

271 2184 357 2224 aut
394 2190 507 2237 pars
542 2173 746 2223 indocili
782 2173 956 2222 melior
989 2188 1135 2237 grege
1152 2190 1168 2233 3
1215 2171 1377 2221 mollis
1413 2182 1462 2221 et
1499 2188 1670 2234 exspes

405 2254 678 2303 inominata
712 2254 981 2318 perprimat
1015 2243 1208 2303 cubilia.

273 2330 375 2397 v'os,
414 2337 595 2400 quibus
630 2346 705 2385 est
739 2335 905 2396 virtus,
943 2322 1234 2385 muliebrem
1271 2334 1428 2384 tollite
1462 2335 1664 2391 luctum,

412 2422 618 2468 Etrusca
651 2426 843 2481 praeter
878 2426 927 2466 et
962 2418 1125 2466 volate
1160 2416 1315 2486 litora.
1822 2431 1877 2470 40

275 2517 368 2550 nos
402 2510 568 2549 manet
605 2501 836 2549 Oceanus
872 2486 1238 2562 circumvagus:
1287 2514 1417 2558 arva,
1457 2498 1602 2546 beata

410 2590 636 2644 petamus
671 2597 801 2639 arva,
840 2579 1017 2628 divites
1054 2589 1102 2628 et
1140 2579 1336 2639 insulas,

291 2707 386 2736 xv1.
441 2708 501 2745 15.
560 2695 652 2734 The
691 2698 778 2734 text
815 2694 977 2734 follows
1014 2694 1084 2734 the
1125 2704 1218 2733 MSS.
1300 2693 1410 2733 Edd.
1450 2693 1554 2732 have
1599 2692 1726 2732 found
1763 2695 1878 2743 great

130 2743 134 2746 ⁵
218 2765 417 2816 difficulty
451 2764 493 2802 in
524 2763 556 2803 it
586 2764 667 2802 and
700 2762 861 2814 usually
893 2762 1020 2814 adopt
1053 2762 1124 2802 the
1153 2762 1326 2814 reading
1353 2761 1402 2801 of
1429 2761 1604 2813 Rutgers
1637 2759 1723 2810 (ob.
1761 2755 1877 2812 1625)

196 2833 325 2886 firte,
354 2832 466 2884 quod
487 2830 682 2883 expediat,
712 2829 978 2870 communiter
1005 2834 1082 2871 etc.
