1930 3060
761 141 874 181 Lm.
916 142 950 181 1.
990 127 1205 181 vi—vii.
1779 138 1815 192 9

914 283 1034 330 VII.

276 407 578 456 Laudabunt
612 405 694 454 alii
730 407 913 454 claram
952 405 1174 453 Rhodon
1209 413 1294 453 aut
1332 404 1609 467 Mytilenen

408 497 495 536 aut
532 488 770 550 Epheson
805 485 1065 536 bimarisve
1102 485 1329 546 Corinthi

276 567 474 618 moenia
506 569 585 617 vel
622 569 823 617 Baccho
858 568 1060 616 Thebas
1096 569 1175 615 vel
1211 566 1445 629 Apolline
1483 568 1710 630 Delphos

410 648 612 712 insignis
648 658 731 696 aut
766 650 1008 697 Thessala
1043 651 1236 712 Tempe
1254 668 1267 710 3

276 739 391 780 sunt
426 730 606 794 quibus
634 747 789 779 unum
824 716 1056 793 opus'est
1085 729 1301 779 intactae
1333 730 1548 779 Palladis
1580 730 1752 778 urbem
1791 746 1813 790 5

408 811 626 862 carmine
661 809 902 875 perpetuo
938 813 1187 861 celebrare
1224 821 1273 861 et

274 894 495 957 undique
530 894 817 956 decerptam
855 893 1002 962 fronti
1038 909 1347 956 praeponere
1383 892 1565 942 olivam
1576 912 1589 954 3

408 977 646 1040 plurimus
682 975 734 1023 in
771 974 980 1023 Iunonis
1016 976 1256 1024 honorem

274 1066 449 1122 aptum
484 1056 617 1107 dicet
652 1055 791 1120 equis
826 1058 985 1120 Argos
1021 1055 1236 1119 ditisque
1275 1058 1544 1120 Mycenas:

410 1154 491 1187 me
526 1155 618 1188 nec
654 1148 756 1187 tam
794 1138 987 1202 patiens
1025 1138 1378 1187 Lacedaemon
1768 1156 1818 1185 10

275 1236 369 1270 nec
404 1230 506 1269 tam
543 1221 742 1269 Larisae
778 1219 1021 1283 percussit
1057 1236 1262 1284 campus
1299 1215 1506 1283 opimae

409 1318 560 1365 quarn
596 1303 775 1351 domus
813 1303 1073 1350 Albuneae
1110 1301 1386 1350 resonantis

277 1396 326 1432 et
360 1399 598 1447 praeceps
634 1382 766 1432 Anio
802 1399 861 1431 ac
895 1382 1104 1432 Tiburni
1141 1384 1281 1432 lucus
1318 1393 1365 1431 et
1401 1383 1502 1431 uda

412 1456 677 1514 mobilibus
711 1466 934 1529 pomaria
968 1463 1091 1513 rivis.

277 1547 420 1595 albus
454 1555 508 1594 ut
543 1546 755 1595 obscuro
792 1547 1011 1610 deterget
1047 1546 1216 1595 nubila
1252 1547 1391 1596 caelo
1768 1564 1817 1609 15

413 1643 561 1691 saepe
599 1629 761 1676 Notus
798 1644 962 1691 neque
996 1628 1200 1692 parturit
1235 1628 1406 1678 imbris

280 1718 559 1773 perpetuOS,
597 1709 669 1758 sic
703 1719 757 1757 tu
792 1709 989 1772 sapiens
1025 1708 1164 1758 finire
1200 1719 1456 1759 memento

413 1790 659 1840 tristitiam
694 1791 925 1854 vitaeque
960 1792 1154 1840 labores

279 1873 430 1932 molli,
470 1874 668 1932 Plance,
707 1888 857 1932 mero,
897 1889 983 1921 seu
1020 1882 1070 1921 te
1105 1872 1342 1936 fulgentia
1377 1871 1530 1938 signis

413 1964 571 2003 castra
607 1963 779 2003 tenent
814 1970 901 2003 seu
938 1956 1093 2004 densa
1128 1955 1317 2005 tenebit
1765 1975 1818 2005 20

277 2034 474 2085 Tiburis
508 2036 683 2084 umbra
717 2036 802 2085 tui.
875 2037 1071 2086 Teucer
1105 2036 1354 2086 Salamina
1389 2046 1681 2100 patremque

411 2133 524 2166 curn
560 2117 764 2182 fugeret,
801 2126 969 2168 tamen
1005 2119 1104 2167 uda
1141 2121 1310 2182 Lyaeo

277 2208 500 2263 tempora
535 2201 751 2263 populea
784 2202 934 2250 fertur
968 2199 1180 2250 vinxisse
1215 2217 1415 2261 corona,

411 2281 483 2331 sic
517 2282 667 2331 tristis
702 2283 880 2332 affatus
917 2281 1134 2332 amicos:

277 2367 408 2428 ‘quo
444 2380 536 2414 nos
571 2380 790 2428 cumque
825 2366 947 2413 feret
984 2365 1159 2414 melior
1193 2367 1388 2415 fortuna
1423 2374 1643 2430 parente,
1766 2380 1815 2425 25

410 2445 606 2506 ibimuS,
644 2463 676 2495 o
712 2446 832 2496 socii
869 2446 1211 2510 comitesque!

274 2525 345 2575 nil
378 2527 743 2591 desperandum
780 2530 978 2578 Teucro
1016 2530 1146 2578 duce
1182 2538 1231 2578 et
1267 2528 1466 2593 auspice
1502 2531 1726 2577 Teucro:

409 2618 571 2658 certus
606 2609 739 2659 enim
776 2609 1002 2673 promisit
1038 2611 1225 2674 Apollo

275 2688 558 2754 ambiguam
595 2692 767 2740 tellure
802 2708 933 2741 nova
967 2691 1220 2742 Salamina
1254 2693 1478 2741 futuram.

409 2788 440 2820 o
475 2773 626 2822 fortes
661 2772 932 2836 peioraque
968 2773 1100 2836 passi
1766 2790 1819 2833 30

274 2867 473 2902 mecum
509 2870 660 2917 saepe
695 2854 796 2913 viri,
836 2871 970 2903 nunc
1005 2854 1122 2903 vino
1158 2853 1326 2918 pellite
1364 2869 1535 2903 curas:

409 2950 516 2983 cras
553 2937 726 2998 ingens
761 2935 1048 2984 iterabimus
1085 2937 1302 2999 aequor.'
