1930 3060
193 129 261 180 72

714 125 951 167 HORATI
991 125 1334 170 CARMINUM

459 254 623 294 motus
659 246 826 294 doceri
859 247 1043 308 gaudet
1081 246 1280 297 Ionicos

460 333 651 388 matura
685 324 819 388 virgo
855 337 904 374 et
939 326 1136 389 fingitur
1169 327 1358 377 artibus

527 404 624 452 iam
662 400 881 454 nunc'et
915 405 1131 454 incestos
1166 423 1358 456 amores

594 486 658 533 de
694 494 864 533 tenero
901 485 1165 534 meditatur
1199 488 1365 550 ungui.

460 644 576 676 mox
610 627 825 677 iuniores
862 628 1050 690 quaerit
1084 629 1335 679 adulteros

459 709 586 758 inter
621 708 782 757 mariti
816 708 930 757 vina
963 726 1126 772 neque
1162 705 1312 774 eligit,

528 788 609 839 cui
645 791 798 839 donet
833 790 1141 853 impermissa
1174 792 1354 855 raptim

593 873 772 934 gaudia
806 872 1073 922 luminibus
1107 876 1323 933 remotis,

465 1024 555 1072 sed
589 1022 722 1072 iussa
757 1040 922 1072 coram
958 1040 1060 1073 non
1095 1026 1201 1073 sine
1237 1025 1439 1074 conscio

463 1103 612 1166 surgit
648 1105 837 1162 marit0,
876 1121 962 1152 seu
997 1115 1141 1153 vocat
1175 1105 1368 1154 institor

530 1200 617 1231 seu
652 1183 790 1231 navis
828 1183 1086 1247 Hispanae
1123 1185 1363 1248 magister,

597 1265 897 1313 dedecorum
933 1263 1174 1327 pretiosus
1209 1274 1417 1328 emptor.

463 1428 567 1461 non
602 1413 677 1461 his
712 1412 938 1462 iuventus
974 1422 1081 1462 orta
1115 1415 1400 1476 parentibus

463 1492 630 1542 infecit
666 1509 850 1556 aequor
884 1493 1120 1556 sanguine
1156 1492 1346 1542 Punico

534 1574 872 1637 Pyrrhumque
907 1583 956 1622 et
990 1573 1237 1636 ingentem
1275 1572 1454 1622 cecidit

600 1653 903 1702 Antiochum
943 1653 1377 1718 Hannibalemque
1412 1655 1572 1704 dirum
1587 1645 1612 1718 3>

464 1806 553 1854 sed
587 1805 876 1854 rusticorum
912 1808 1130 1855 mascula
1164 1806 1374 1855 militum

468 1889 643 1950 proles,
682 1887 890 1936 Sabellis
926 1890 1075 1936 docta
1109 1887 1355 1951 ligonibus

535 1983 724 2017 versare
758 1969 957 2031 glaebas
993 1977 1042 2017 et
1077 1985 1274 2018 severae

603 2047 770 2105 matris
804 2050 868 2097 ad
903 2048 1154 2097 arbitrium
1189 2048 1371 2097 recisos

467 2205 662 2258 portare
696 2196 850 2256 fustis,
889 2197 963 2244 sol
998 2195 1094 2245 ubi.
1117 2196 1360 2246 montium

466 2287 676 2326 mutaret
711 2279 911 2326 umbras
947 2285 996 2326 et
1030 2276 1144 2341 iuga
1178 2278 1396 2327 demeret

532 2360 692 2408 bobus
726 2357 953 2421 fatigatis,
990 2358 1203 2407 amicum

600 2449 795 2502 tempus
829 2455 980 2502 agens
1014 2442 1229 2489 abeunte
1263 2456 1419 2490 curru.

467 2585 707 2633 damnosa
741 2584 862 2647 quid
898 2601 1000 2633 non
1035 2585 1282 2634 imminuit
1316 2585 1460 2635 dies?

466 2674 599 2714 aetas
635 2675 911 2727 parentum,
948 2666 1086 2730 peior
1120 2666 1236 2726 avis,
1273 2666 1382 2716 tulit

534 2763 624 2795 nos
662 2747 938 2809 nequiores,
976 2763 1093 2795 mox
1115 2749 1327 2796 »daturos

599 2827 885 2890 progeniem
923 2828 1234 2877 vitiosiorem.

1812 1124 1865 1166 30

1812 1592 1861 1636 35

1809 2069 1864 2110 40

1808 2604 1862 2648 45
