1930 3060
142 130 178 181 6
653 138 890 179 HORATI
930 138 1275 181 CARMINUM

411 259 548 310 terris
584 259 803 309 incubuit
839 263 1030 323 cohors,

517 341 822 403 ,semotique
857 341 991 403 prius
1027 343 1166 391 tarda
1200 343 1466 394 necessitas

411 420 496 471 leti
530 421 760 485 corripuit
794 423 1010 485 gradum.

546 513 774 566 expertus
809 519 1019 551 vacuum
1059 505 1311 555 Daedalus
1346 522 1459 554 aera

415 583 589 647 pennis
624 600 727 633 non
762 584 953 633 homini
988 584 1117 633 datis
1135 601 1149 643 ;
1504 647 1509 651 ῃ
1752 603 1804 647 35

545 665 760 729 perrupit
796 667 1077 732 Acheronta
1115 668 1393 716 Herculeus
1428 667 1577 716 labor.

416 746 485 794 nil
521 747 806 796 mortalibus
841 747 979 795 ardui
1016 757 1119 796 est:

549 829 740 876 caelum
776 828 937 891 ipsum
974 827 1184 890 petimus
1220 828 1437 889 stultitia,
1475 844 1637 891 neque

415 925 501 972 per
534 918 755 957 nostrum
791 908 1004 971 patimur
1039 910 1197 958 scelus

548 990 784 1039 iracunda
821 992 991 1040 Iovem
1026 1006 1210 1054 ponere
1246 989 1462 1040 fulmina.
1754 1008 1810 1049 40

930 1306 1018 1355 IV.

220 1505 430 1555 Solvitur
464 1505 587 1556 acris
621 1505 780 1557 hiems
814 1515 949 1571 grata
982 1506 1088 1556 vice
1123 1505 1247 1556 veris
1283 1515 1331 1556 et
1368 1505 1570 1567 Favoni,

353 1589 648 1651 trahuntque
685 1588 837 1637 siccas
873 1588 1130 1638 machinae
1163 1588 1369 1649 carinas,

219 1685 278 1717 ac
313 1685 473 1731 neque
508 1669 607 1717 iam
643 1671 847 1718 stabulis
880 1670 1062 1733 gaudet
1096 1685 1250 1732 pecus
1284 1678 1370 1717 aut
1404 1677 1565 1717 arator
1598 1667 1711 1732 igni,

352 1766 445 1798 nec
480 1760 619 1812 prata
654 1750 788 1798 canis
823 1750 1038 1799 albicant
1073 1749 1274 1812 pruinis.

218 1831 314 1879 iam
352 1833 596 1894 Cytherea
630 1833 805 1880 choros
841 1830 977 1880 ducit
1012 1832 1183 1880 Venus
1219 1829 1507 1881 imminente
1541 1832 1670 1890 luna,
1787 1847 1810 1892 5

351 1912 647 1974 iunctaeque
684 1912 928 1976 Nymphis
964 1911 1162 1961 Gratiae
1197 1913 1432 1961 decentes

219 1995 408 2042 alterno
444 2003 620 2042 terram
657 1992 884 2056 quatiunt
918 1994 1063 2057 pede,
1101 1994 1219 2042 dum
1254 1993 1411 2056 gravis
1448 1994 1726 2057 Cyclopum

351 2075 603 2123 Volcanus
638 2076 815 2124 ardens
850 2074 960 2123 visit
995 2073 1229 2124 officinas.

219 2171 354 2203 nunc
388 2155 532 2204 decet
567 2166 650 2203 aut
686 2154 826 2205 viridi
861 2154 1072 2205 nitidum
1107 2165 1259 2219 caput
1292 2154 1534 2218 impedire
1568 2163 1740 2218 myrto,

353 2247 436 2284 aut
472 2237 603 2297 flore,
641 2245 795 2286 terrae
831 2253 979 2299 quem
1016 2238 1174 2287 ferunt
1208 2239 1397 2287 solutae
1413 2255 1429 2298 3
1762 2255 1812 2283 10

220 2333 351 2365 nunc
387 2328 435 2366 et
471 2318 521 2366 in
556 2317 799 2367 umbrosis
838 2319 1012 2367 Fauno
1047 2320 1192 2368 decet
1226 2318 1480 2369 immolare
1513 2316 1648 2377 luciS‚

355 2413 439 2447 seu
474 2409 647 2461 poscat
680 2415 808 2462 agna
843 2398 944 2448 sive
980 2399 1114 2448 malit
1149 2400 1325 2449 haedo.

236 2587 299 2615 1v.
320 2578 357 2618 8.
419 2576 509 2616 The
527 2577 619 2617 best
639 2586 735 2617 MSS.
756 2576 863 2617 have
887 2577 998 2627 visit,
1021 2577 1098 2618 but
1123 2590 1249 2630 many
1267 2577 1374 2617 have
1399 2575 1505 2616 urit.
1561 2573 1615 2614 In
1639 2573 1814 2627 capitals

157 2643 319 2684 VISIT
338 2644 420 2683 and
439 2644 588 2683 VRIT
606 2658 676 2684 are
695 2658 793 2696 very
812 2645 983 2692 similar,
1004 2646 1078 2685 but
1101 2644 1216 2685 there
1242 2645 1277 2685 is
1304 2656 1360 2684 no
1385 2641 1557 2696 parallel
1580 2641 1645 2681 for
1662 2643 1754 2682 urit
1771 2643 1814 2682 in

155 2711 224 2751 the
254 2724 370 2752 sense
399 2711 590 2763 required
619 2710 790 2764 (‘lights
820 2726 875 2764 up
891 2711 930 2764 ’).
988 2713 1030 2752 A
1060 2712 1140 2752 few
1171 2712 1339 2752 inferior
1369 2720 1465 2751 uss.
1499 2710 1605 2750 have
1634 2711 1736 2750 ussit
1766 2723 1815 2750 or

157 2779 287 2826 iussit,
315 2779 463 2827 which,
498 2780 540 2819 in
579 2779 765 2819 Munro's
797 2780 984 2832 opinion,
1016 2793 1133 2821 arose
1169 2780 1277 2820 from
1315 2780 1443 2828 vzlrsit,
1483 2778 1555 2819 the
1593 2777 1811 2831 Augustan

155 2848 330 2901 spelling
359 2848 405 2887 of
427 2848 536 2887 visit.
