1930 3060
557 119 815 160 CARMEN
858 119 1238 161 SAECULARE.

317 248 396 296 cui
433 262 523 310 per
554 246 812 296 ardentem
848 246 955 296 sine
988 247 1161 295 fraude
1195 244 1398 294 Troiam

317 339 481 378 castus
516 330 714 378 Aeneas
748 326 935 391 patriae
970 337 1219 390 superstes

317 410 526 460 liberum
563 410 775 459 munivit
811 409 917 468 iter,
956 410 1159 458 daturus

450 494 591 557 plura
626 491 836 542 relictis:

317 642 382 703 di,
419 644 603 708 probos
639 659 803 692 mores
839 641 990 691 docili
1025 643 1273 703 iuventae,

316 723 385 785 di,
420 724 662 775 senectuti
697 725 926 789 placidae
961 723 1194 787 quietem,

318 806 566 857 Romulae
598 807 733 871 genti
769 807 886 855 date
920 822 1124 869 remque
1160 806 1452 869 prolemque

449 898 498 938 et
533 890 685 938 decus
720 904 902 950 omne;

317 1055 546 1102 quaeque
581 1056 668 1089 vos
705 1040 867 1088 bobus
902 1048 1162 1088 veneratur
1197 1038 1321 1087 albis

316 1122 477 1170 clarus
512 1122 759 1171 Anchisae
794 1121 1101 1184 Venerisque
1137 1120 1350 1184 sanguis,

319 1201 564 1266 impetret,
599 1204 817 1252 bellante
851 1202 996 1266 prior,
1032 1202 1279 1253 iacentem

453 1285 576 1334 lenis
612 1284 661 1333 in
699 1286 909 1334 hostem.

320 1409 419 1459 iam
456 1412 575 1459 mari
613 1420 836 1474 terraque
873 1427 1048 1460 manus
1084 1409 1303 1474 potentis

323 1492 506 1542 Medus
540 1493 860 1555 Albanasque
894 1492 1035 1542 timet
1070 1493 1267 1551 securiS,

320 1571 419 1623 iam
454 1574 664 1637 Scythae
699 1590 935 1638 responsa
970 1583 1160 1637 petunt,
1196 1573 1397 1637 superbi

454 1671 626 1719 nuper,
663 1666 713 1706 et
751 1657 876 1706 Indi.

318 1800 415 1851 iam
454 1800 601 1852 Fides
636 1812 686 1852 et
721 1805 823 1851 Pax
858 1812 908 1851 et
944 1804 1127 1851 Honor
1162 1803 1428 1866 Pudorque

318 1882 508 1946 priscus
541 1892 592 1932 et
627 1884 851 1947 neglecta
885 1882 1046 1932 redire
1081 1883 1248 1932 Virtus

316 1963 482 2022 audet,
516 1972 819 2027 apparetque
853 1963 999 2013 beata
1032 1965 1184 2027 pleno

450 2043 613 2108 Copia
646 2061 812 2094 cornu.

315 2208 467 2257 augur
501 2202 550 2244 et
585 2195 804 2259 fulgente
839 2196 1048 2245 decorus
1085 2212 1200 2245 arcu

318 2275 550 2326 Phoebus
584 2286 921 2339 acceptusque
957 2292 1135 2326 novem
1171 2274 1419 2337 CameniS,

314 2355 398 2419 qui
435 2357 635 2407 salutari
670 2359 801 2407 levat
836 2366 939 2406 arte
974 2359 1130 2408 fessos

449 2438 669 2502 corporis
705 2449 852 2499 artus,

316 2584 355 2635 si
394 2586 641 2635 Palatinas
676 2585 811 2637 videt
846 2603 1035 2650 aequus
1070 2604 1191 2648 araS,

315 2683 518 2731 remque
555 2669 835 2717 Romanam
873 2669 1170 2733 Latiumque
1205 2669 1319 2719 felix

314 2749 521 2798 alterum
559 2747 609 2797 in
645 2750 848 2799 lustrum
886 2749 1161 2814 meliusque
1198 2766 1395 2815 semper

452 2839 681 2894 prorogat
717 2845 909 2881 aevum.

1626 118 1721 172 125

1668 657 1722 701 45

1671 1134 1724 1180 50

1670 1590 1722 1635 55
