1930 3060
835 130 966 181 xvii.
1328 180 1334 185 .
1639 142 1736 195 147

259 261 408 312 Nessi
442 276 616 310 cruore
650 276 745 310 nec
781 259 960 310 Sicana
995 258 1183 310 fervida

246 345 420 395 ‘virens
455 343 508 393 in
541 347 709 394 Aetna
742 344 972 393 flamma:
1019 352 1086 404 tu,
1129 344 1292 391 donec
1328 342 1453 391 cinis

258 425 504 476 iniuriosis
538 424 704 475 aridus
739 425 899 475 ventis
933 426 1074 484 ferar,

259 509 390 558 cales
426 506 632 557 venenis
668 507 867 556 officina
904 505 1169 558 Colchicis.
1685 524 1735 568 35

258 605 389 652 quae
424 588 535 637 finis
569 598 655 638 aut
689 590 827 653 quod
863 604 945 637 me
980 596 1151 637 manet
1185 585 1529 650 stipendium?

259 672 435 721 effare!
484 670 641 720 iussas
677 687 792 719 cum
828 671 932 719 fide
963 685 1154 733 poenas
1189 669 1339 729 luam,

258 761 459 815 paratus
493 751 706 815 expiare,
745 769 833 801 seu
868 751 1157 815 poposceris

258 845 463 884 centum
498 833 751 895 iuvencoS‚
790 833 894 884 sive
928 832 1159 883 mendaci
1194 835 1295 896 lyra

258 917 396 966 voles
431 915 626 966 sonari:
677 921 757 965 ‘tu
792 915 990 979 pudica,
1030 924 1084 965 tu
1119 917 1278 978 proba
1686 934 1742 973 40

258 997 625 1062 perambulabis
659 1006 791 1047 astra
824 997 960 1047 sidus
996 998 1231 1046 aureum.'

258 1078 456 1128 infamis
492 1080 722 1129 Helenae
758 1080 938 1130 Castor
972 1080 1190 1128 offensus
1225 1077 1386 1127 vicem

259 1161 506 1224 fraterque
540 1160 710 1225 magni
745 1159 979 1220 Castoris,
1017 1159 1134 1209 victi
1169 1175 1316 1222 prece

258 1243 498 1307 adempta
530 1242 631 1292 vati
666 1242 928 1292 reddidere
964 1231 1180 1292 lumina:

259 1334 312 1376 et
347 1334 403 1375 tu
439 1326 606 1390 (potes
641 1324 781 1388 nam)
818 1326 954 1374 solve
990 1340 1071 1373 me
1107 1321 1375 1383 dementia,
1686 1341 1739 1382 45

260 1421 295 1455 o
328 1422 423 1456 nec
457 1406 676 1470 paternis
711 1406 939 1456 obsoleta
975 1405 1220 1465 sordibuS,

262 1504 357 1539 nec
390 1488 442 1537 in
478 1490 717 1553 sepulcris
751 1504 1026 1552 pauperum
1062 1488 1279 1551 prudens
1316 1503 1439 1535 anus

264 1572 312 1620 N
317 1570 594 1621 ovendialis
628 1569 868 1634 dissipare
903 1571 1157 1634 pulveres!

263 1651 355 1702 tibi
389 1652 635 1716 hospitale
670 1662 844 1716 pectus
880 1662 928 1702 et
964 1668 1117 1715 purae
1151 1668 1343 1712 manus,

265 1744 480 1798 tuusque
514 1743 685 1784 venter
721 1733 1048 1793 Pactumeiu5‚
1088 1743 1138 1784 et
1173 1744 1260 1784 tuo
1690 1751 1742 1795 50

264 1831 439 1866 cruore
472 1817 645 1866 rubros
680 1814 919 1866 obstetrix
953 1832 1149 1880 pannos
1184 1816 1316 1876 lavit,

265 1907 536 1962 utcumque
569 1897 707 1948 sortis
742 1897 906 1948 exsilis
940 1913 1194 1962 puerpera.

267 1978 414 2044 ‘quid
451 1979 693 2029 obseratis
727 1981 928 2030 auribus
963 1980 1130 2030 fundis
1167 1982 1378 2044 preces?

263 2077 368 2111 non
402 2076 521 2111 saxa
555 2060 702 2111 nudis
737 2062 958 2112 surdiora
993 2062 1173 2112 navitis

265 2144 528 2207 Neptunus
561 2144 665 2194 alto
699 2143 866 2194 tundit
899 2144 1136 2194 hibernus
1173 2146 1291 2194 salo.
1689 2163 1736 2207 55

261 2223 447 2275 inultus
482 2234 536 2274 ut
571 2234 625 2275 tu
659 2224 818 2276 riseris
856 2226 1078 2291 Cotyttia

260 2307 470 2371 vulgata,
505 2323 697 2357 sacrum
736 2308 877 2358 liberi
914 2308 1195 2372 CupidiniS‚

259 2397 310 2438 et
345 2388 588 2453 Esquilini
623 2389 848 2454 pontifex
883 2392 1091 2441 venefici

259 2468 462 2535 impune
496 2481 552 2522 ut
587 2473 762 2523 urbem
799 2472 1002 2523 nomine
1038 2471 1255 2537 impleris
1292 2475 1444 2524 meo?

259 2552 378 2616 quid
414 2553 631 2618 proderit
667 2553 848 2604 ditasse
885 2555 1143 2619 Paelignas
1178 2573 1318 2617 anuS‚
1684 2566 1738 2606 60

255 2634 537 2686 velociusve
572 2635 828 2686 miscuisse
864 2637 1122 2688 toxicum?

258 2717 349 2767 sed
383 2717 598 2767 tardiora
633 2718 734 2767 sata
769 2728 819 2768 te
853 2719 982 2769 votis
1019 2728 1254 2770 manent:

138 2825 254 2859 xvn.
295 2831 362 2871 42·
418 2820 546 2860 vicem
583 2819 619 2860 is
656 2819 867 2872 Bentley's
905 2822 1174 2863 emendation
1213 2822 1276 2862 for
1313 2823 1400 2863 vice
1437 2823 1485 2863 of
1525 2822 1596 2865 the
1635 2833 1733 2863 Mss.

56 2882 179 2925 οἰκῆι
206 2885 243 2927 iz
267 2886 469 2940 certainly
496 2900 613 2928 more
641 2888 758 2928 usual
789 2889 928 2929 Latin.

1439 2989 1596 3021 10—2
