<?xml version="1.0" encoding="UTF-8"?>
<!DOCTYPE html PUBLIC "-//W3C//DTD XHTML 1.0 Transitional//EN"
    "http://www.w3.org/TR/xhtml1/DTD/xhtml1-transitional.dtd">
<html xmlns="http://www.w3.org/1999/xhtml" xml:lang="en" lang="en">
 <head>
  <title>
</title>
<meta http-equiv="Content-Type" content="text/html;charset=utf-8" />
  <meta name='ocr-system' content='tesseract 3.04.00' />
  <meta name='ocr-capabilities' content='ocr_page ocr_carea ocr_par ocr_line ocrx_word'/>
</head>
<body>
  <div class='ocr_page' id='page_1' title='image "./carminaliberepod00horauoft_0162.png"; bbox 0 0 1930 3060; ppageno 0'>
   <div class='ocr_carea' id='block_1_1' title="bbox 236 109 1366 158">
    <p class='ocr_par' dir='ltr' id='par_1_1' title="bbox 236 109 1366 158">
     <span class='ocr_line' id='line_1_1' title="bbox 236 109 1366 158; baseline -0.003 -2"><span class='ocrx_word' id='word_1_1' title='bbox 236 120 253 156; x_wconf 90' lang='lat'>1</span> <span class='ocrx_word' id='word_1_2' title='bbox 272 109 333 158; x_wconf 89' lang='lat'>18</span> <span class='ocrx_word' id='word_1_3' title='bbox 748 116 984 156; x_wconf 87' lang='lat' dir='ltr'>HORATI</span> <span class='ocrx_word' id='word_1_4' title='bbox 1024 114 1366 156; x_wconf 87' lang='lat' dir='ltr'>CARMINUM</span> 
     </span>
    </p>
   </div>
   <div class='ocr_carea' id='block_1_2' title="bbox 496 234 1887 539">
    <p class='ocr_par' dir='ltr' id='par_1_2' title="bbox 496 234 1887 539">
     <span class='ocr_line' id='line_1_2' title="bbox 496 234 1887 299; baseline -0.003 -14"><span class='ocrx_word' id='word_1_5' title='bbox 496 246 545 285; x_wconf 90' lang='lat' dir='ltr'>et</span> <span class='ocrx_word' id='word_1_6' title='bbox 579 247 727 285; x_wconf 91' lang='lat' dir='ltr'>cantu</span> <span class='ocrx_word' id='word_1_7' title='bbox 764 238 972 285; x_wconf 89' lang='lat' dir='ltr'>tremulo</span> <span class='ocrx_word' id='word_1_8' title='bbox 1007 245 1127 299; x_wconf 87' lang='lat' dir='ltr'>pota</span> <span class='ocrx_word' id='word_1_9' title='bbox 1161 234 1460 298; x_wconf 87' lang='lat' dir='ltr'><strong>Cupidinem</strong></span> <span class='ocrx_word' id='word_1_10' title='bbox 1864 249 1887 293; x_wconf 87' lang='lat'>5</span> 
     </span>
     <span class='ocr_line' id='line_1_3' title="bbox 496 315 1433 372; baseline -0.001 -8"><span class='ocrx_word' id='word_1_11' title='bbox 496 319 684 365; x_wconf 90' lang='lat' dir='ltr'>lentum</span> <span class='ocrx_word' id='word_1_12' title='bbox 720 316 963 372; x_wconf 78' lang='lat' dir='ltr'>sollicitas.</span> <span class='ocrx_word' id='word_1_13' title='bbox 1035 315 1118 365; x_wconf 91' lang='lat' dir='ltr'>ille</span> <span class='ocrx_word' id='word_1_14' title='bbox 1151 315 1350 364; x_wconf 86' lang='lat' dir='ltr'>virentis</span> <span class='ocrx_word' id='word_1_15' title='bbox 1385 325 1433 363; x_wconf 93' lang='lat' dir='ltr'>et</span> 
     </span>
     <span class='ocr_line' id='line_1_4' title="bbox 562 398 1171 459; baseline -0.003 -13"><span class='ocrx_word' id='word_1_16' title='bbox 562 399 740 446; x_wconf 90' lang='lat' dir='ltr'>doctae</span> <span class='ocrx_word' id='word_1_17' title='bbox 774 398 978 459; x_wconf 90' lang='lat' dir='ltr'>psallere</span> <span class='ocrx_word' id='word_1_18' title='bbox 1016 398 1171 445; x_wconf 87' lang='lat' dir='ltr'>Chiae</span> 
     </span>
     <span class='ocr_line' id='line_1_5' title="bbox 630 475 1358 539; baseline -0.001 -15"><span class='ocrx_word' id='word_1_19' title='bbox 630 477 843 539; x_wconf 90' lang='lat' dir='ltr'>pulchris</span> <span class='ocrx_word' id='word_1_20' title='bbox 879 477 1086 525; x_wconf 88' lang='lat' dir='ltr'>excubat</span> <span class='ocrx_word' id='word_1_21' title='bbox 1121 477 1172 524; x_wconf 95' lang='lat' dir='ltr'>in</span> <span class='ocrx_word' id='word_1_22' title='bbox 1205 475 1358 538; x_wconf 90' lang='lat' dir='ltr'>genis.</span> 
     </span>
    </p>
   </div>
   <div class='ocr_carea' id='block_1_3' title="bbox 496 611 1891 919">
    <p class='ocr_par' dir='ltr' id='par_1_3' title="bbox 496 611 1891 919">
     <span class='ocr_line' id='line_1_6' title="bbox 496 611 1471 675; baseline -0.001 -14"><span class='ocrx_word' id='word_1_23' title='bbox 496 613 804 675; x_wconf 89' lang='lat' dir='ltr'>importunus</span> <span class='ocrx_word' id='word_1_24' title='bbox 840 613 972 661; x_wconf 88' lang='lat' dir='ltr'>enirn</span> <span class='ocrx_word' id='word_1_25' title='bbox 1010 614 1275 661; x_wconf 90' lang='lat' dir='ltr'>transvolat</span> <span class='ocrx_word' id='word_1_26' title='bbox 1310 611 1471 660; x_wconf 88' lang='lat' dir='ltr'>aridas</span> 
     </span>
     <span class='ocr_line' id='line_1_7' title="bbox 496 692 1891 757; baseline -0.001 -16"><span class='ocrx_word' id='word_1_27' title='bbox 496 709 705 757; x_wconf 90' lang='lat' dir='ltr'>quercus</span> <span class='ocrx_word' id='word_1_28' title='bbox 740 703 789 741; x_wconf 91' lang='lat' dir='ltr'>et</span> <span class='ocrx_word' id='word_1_29' title='bbox 823 694 997 757; x_wconf 86' lang='lat' dir='ltr'><strong>refugit</strong></span> <span class='ocrx_word' id='word_1_30' title='bbox 1034 703 1082 742; x_wconf 93' lang='lat' dir='ltr'>te</span> <span class='ocrx_word' id='word_1_31' title='bbox 1118 694 1232 756; x_wconf 91' lang='lat' dir='ltr'>quia</span> <span class='ocrx_word' id='word_1_32' title='bbox 1267 692 1410 742; x_wconf 89' lang='lat' dir='ltr'>luridi</span> <span class='ocrx_word' id='word_1_33' title='bbox 1842 711 1891 740; x_wconf 92' lang='lat'>10</span> 
     </span>
     <span class='ocr_line' id='line_1_8' title="bbox 563 775 1154 837; baseline -0.002 -14"><span class='ocrx_word' id='word_1_34' title='bbox 563 775 737 823; x_wconf 91' lang='lat' dir='ltr'>dentes</span> <span class='ocrx_word' id='word_1_35' title='bbox 773 784 821 823; x_wconf 92' lang='lat' dir='ltr'>te</span> <span class='ocrx_word' id='word_1_36' title='bbox 856 775 973 837; x_wconf 89' lang='lat' dir='ltr'>quia</span> <span class='ocrx_word' id='word_1_37' title='bbox 1006 790 1154 837; x_wconf 89' lang='lat' dir='ltr'>rugae</span> 
     </span>
     <span class='ocr_line' id='line_1_9' title="bbox 631 855 1303 919; baseline 0 -15"><span class='ocrx_word' id='word_1_38' title='bbox 631 865 826 918; x_wconf 85' lang='lat' dir='ltr'>turpant</span> <span class='ocrx_word' id='word_1_39' title='bbox 862 866 912 905; x_wconf 92' lang='lat' dir='ltr'>et</span> <span class='ocrx_word' id='word_1_40' title='bbox 946 856 1119 919; x_wconf 92' lang='lat' dir='ltr'>capitis</span> <span class='ocrx_word' id='word_1_41' title='bbox 1155 855 1303 904; x_wconf 76' lang='lat' dir='ltr'>nives,</span> 
     </span>
    </p>
   </div>
   <div class='ocr_carea' id='block_1_4' title="bbox 496 991 1890 1286">
    <p class='ocr_par' dir='ltr' id='par_1_4' title="bbox 496 991 1890 1286">
     <span class='ocr_line' id='line_1_10' title="bbox 497 991 1541 1055; baseline -0.003 -12"><span class='ocrx_word' id='word_1_42' title='bbox 497 1012 591 1044; x_wconf 91' lang='lat' dir='ltr'>nec</span> <span class='ocrx_word' id='word_1_43' title='bbox 627 996 762 1045; x_wconf 85' lang='lat' dir='ltr'>Coae</span> <span class='ocrx_word' id='word_1_44' title='bbox 796 996 1008 1043; x_wconf 87' lang='lat' dir='ltr'>referunt</span> <span class='ocrx_word' id='word_1_45' title='bbox 1044 993 1142 1042; x_wconf 91' lang='lat' dir='ltr'>iam</span> <span class='ocrx_word' id='word_1_46' title='bbox 1178 991 1266 1042; x_wconf 91' lang='lat' dir='ltr'>tibi</span> <span class='ocrx_word' id='word_1_47' title='bbox 1301 1008 1541 1055; x_wconf 86' lang='lat' dir='ltr'>purpurae</span> 
     </span>
     <span class='ocr_line' id='line_1_11' title="bbox 496 1075 1571 1138; baseline -0.003 -14"><span class='ocrx_word' id='word_1_48' title='bbox 496 1093 589 1124; x_wconf 93' lang='lat' dir='ltr'>nec</span> <span class='ocrx_word' id='word_1_49' title='bbox 624 1075 721 1123; x_wconf 88' lang='lat' dir='ltr'>cari</span> <span class='ocrx_word' id='word_1_50' title='bbox 757 1075 947 1138; x_wconf 89' lang='lat' dir='ltr'>lapides</span> <span class='ocrx_word' id='word_1_51' title='bbox 983 1086 1220 1138; x_wconf 88' lang='lat' dir='ltr'>tempora,</span> <span class='ocrx_word' id='word_1_52' title='bbox 1257 1090 1384 1137; x_wconf 88' lang='lat' dir='ltr'>quae</span> <span class='ocrx_word' id='word_1_53' title='bbox 1420 1075 1571 1122; x_wconf 88' lang='lat' dir='ltr'>semel</span> 
     </span>
     <span class='ocr_line' id='line_1_12' title="bbox 564 1155 1890 1222; baseline -0.002 -18"><span class='ocrx_word' id='word_1_54' title='bbox 564 1156 694 1205; x_wconf 86' lang='lat' dir='ltr'>notis</span> <span class='ocrx_word' id='word_1_55' title='bbox 730 1155 933 1204; x_wconf 89' lang='lat' dir='ltr'>condita</span> <span class='ocrx_word' id='word_1_56' title='bbox 966 1156 1102 1204; x_wconf 90' lang='lat' dir='ltr'>fastis</span> <span class='ocrx_word' id='word_1_57' title='bbox 1271 1220 1273 1222; x_wconf 21' lang='grc' dir='ltr'>Ι</span> <span class='ocrx_word' id='word_1_58' title='bbox 1843 1171 1890 1213; x_wconf 85' lang='lat'>15</span> 
     </span>
     <span class='ocr_line' id='line_1_13' title="bbox 631 1235 1225 1286; baseline 0 -1"><span class='ocrx_word' id='word_1_59' title='bbox 631 1236 826 1285; x_wconf 89' lang='lat' dir='ltr'>inclusit</span> <span class='ocrx_word' id='word_1_60' title='bbox 861 1235 1070 1286; x_wconf 89' lang='lat' dir='ltr'>volucris</span> <span class='ocrx_word' id='word_1_61' title='bbox 1106 1237 1225 1286; x_wconf 78' lang='lat' dir='ltr'>dies,</span> 
     </span>
    </p>
   </div>
   <div class='ocr_carea' id='block_1_5' title="bbox 497 1375 1893 1686">
    <p class='ocr_par' dir='ltr' id='par_1_5' title="bbox 497 1375 1893 1686">
     <span class='ocr_line' id='line_1_14' title="bbox 498 1375 1747 1440; baseline -0.003 -15"><span class='ocrx_word' id='word_1_62' title='bbox 498 1392 598 1439; x_wconf 91' lang='lat' dir='ltr'>quo</span> <span class='ocrx_word' id='word_1_63' title='bbox 633 1377 756 1440; x_wconf 87' lang='lat' dir='ltr'>fugit</span> <span class='ocrx_word' id='word_1_64' title='bbox 792 1393 960 1435; x_wconf 90' lang='lat' dir='ltr'>venus,</span> <span class='ocrx_word' id='word_1_65' title='bbox 999 1377 1110 1434; x_wconf 91' lang='lat' dir='ltr'>heu,</span> <span class='ocrx_word' id='word_1_66' title='bbox 1148 1390 1309 1438; x_wconf 91' lang='lat' dir='ltr'>quove</span> <span class='ocrx_word' id='word_1_67' title='bbox 1344 1375 1516 1423; x_wconf 88' lang='lat' dir='ltr'>color?</span> <span class='ocrx_word' id='word_1_68' title='bbox 1562 1375 1747 1423; x_wconf 89' lang='lat' dir='ltr'>decens</span> 
     </span>
     <span class='ocr_line' id='line_1_15' title="bbox 497 1447 1618 1524; baseline -0.003 -17"><span class='ocrx_word' id='word_1_69' title='bbox 497 1475 597 1522; x_wconf 89' lang='lat' dir='ltr'>quo</span> <span class='ocrx_word' id='word_1_70' title='bbox 632 1459 832 1507; x_wconf 87' lang='lat' dir='ltr'>motus?</span> <span class='ocrx_word' id='word_1_71' title='bbox 878 1457 996 1520; x_wconf 91' lang='lat' dir='ltr'>quid</span> <span class='ocrx_word' id='word_1_72' title='bbox 1033 1458 1187 1505; x_wconf 91' lang='lat' dir='ltr'>habes</span> <span class='ocrx_word' id='word_1_73' title='bbox 1224 1455 1366 1515; x_wconf 89' lang='lat' dir='ltr'>illius,</span> <span class='ocrx_word' id='word_1_74' title='bbox 1403 1455 1547 1516; x_wconf 90' lang='lat' dir='ltr'>illius,</span> <span class='ocrx_word' id='word_1_75' title='bbox 1604 1447 1618 1524; x_wconf 32' lang='lat' dir='ltr'>J</span> 
     </span>
     <span class='ocr_line' id='line_1_16' title="bbox 565 1538 1182 1602; baseline -0.005 -14"><span class='ocrx_word' id='word_1_76' title='bbox 565 1555 691 1602; x_wconf 90' lang='lat' dir='ltr'>quae</span> <span class='ocrx_word' id='word_1_77' title='bbox 727 1538 941 1602; x_wconf 88' lang='lat' dir='ltr'>spirabat</span> <span class='ocrx_word' id='word_1_78' title='bbox 976 1553 1182 1596; x_wconf 90' lang='lat' dir='ltr'>amores,</span> 
     </span>
     <span class='ocr_line' id='line_1_17' title="bbox 631 1618 1893 1686; baseline -0.002 -17"><span class='ocrx_word' id='word_1_79' title='bbox 631 1636 759 1683; x_wconf 91' lang='lat' dir='ltr'>quae</span> <span class='ocrx_word' id='word_1_80' title='bbox 794 1636 876 1669; x_wconf 90' lang='lat' dir='ltr'>me</span> <span class='ocrx_word' id='word_1_81' title='bbox 911 1628 1161 1683; x_wconf 87' lang='lat' dir='ltr'>surpuerat</span> <span class='ocrx_word' id='word_1_82' title='bbox 1195 1618 1328 1686; x_wconf 81' lang='lat' dir='ltr'>mihi,</span> <span class='ocrx_word' id='word_1_83' title='bbox 1840 1637 1893 1666; x_wconf 89' lang='lat'>20</span> 
     </span>
    </p>
   </div>
   <div class='ocr_carea' id='block_1_6' title="bbox 498 1758 1537 2065">
    <p class='ocr_par' dir='ltr' id='par_1_6' title="bbox 498 1758 1537 2065">
     <span class='ocr_line' id='line_1_18' title="bbox 499 1758 1499 1825; baseline -0.002 -15"><span class='ocrx_word' id='word_1_84' title='bbox 499 1763 611 1812; x_wconf 82' lang='lat' dir='ltr'>felix</span> <span class='ocrx_word' id='word_1_85' title='bbox 647 1771 760 1825; x_wconf 92' lang='lat' dir='ltr'>post</span> <span class='ocrx_word' id='word_1_86' title='bbox 797 1761 1028 1810; x_wconf 86' lang='lat' dir='ltr'>Cinaram</span> <span class='ocrx_word' id='word_1_87' title='bbox 1063 1769 1283 1824; x_wconf 91' lang='lat' dir='ltr'>notaque</span> <span class='ocrx_word' id='word_1_88' title='bbox 1318 1758 1499 1809; x_wconf 83' lang='lat' dir='ltr'>dotium</span> 
     </span>
     <span class='ocr_line' id='line_1_19' title="bbox 498 1841 1537 1908; baseline -0.003 -15"><span class='ocrx_word' id='word_1_89' title='bbox 498 1854 740 1908; x_wconf 88' lang='lat' dir='ltr'>gratarum</span> <span class='ocrx_word' id='word_1_90' title='bbox 775 1841 961 1891; x_wconf 84' lang='lat' dir='ltr'>facies?</span> <span class='ocrx_word' id='word_1_91' title='bbox 1006 1842 1095 1890; x_wconf 91' lang='lat' dir='ltr'>sed</span> <span class='ocrx_word' id='word_1_92' title='bbox 1133 1841 1342 1891; x_wconf 89' lang='lat' dir='ltr'>Cinarae</span> <span class='ocrx_word' id='word_1_93' title='bbox 1378 1841 1537 1891; x_wconf 91' lang='lat' dir='ltr'>brevis</span> 
     </span>
     <span class='ocr_line' id='line_1_20' title="bbox 565 1923 1149 1981; baseline -0.005 -8"><span class='ocrx_word' id='word_1_94' title='bbox 565 1941 721 1973; x_wconf 91' lang='lat' dir='ltr'>annos</span> <span class='ocrx_word' id='word_1_95' title='bbox 757 1926 856 1972; x_wconf 88' lang='lat' dir='ltr'>fata</span> <span class='ocrx_word' id='word_1_96' title='bbox 890 1923 1149 1981; x_wconf 89' lang='lat' dir='ltr'>dederunt,</span> 
     </span>
     <span class='ocr_line' id='line_1_21' title="bbox 632 2003 1241 2065; baseline -0.005 -11"><span class='ocrx_word' id='word_1_97' title='bbox 632 2014 880 2054; x_wconf 90' lang='lat' dir='ltr'>servatura</span> <span class='ocrx_word' id='word_1_98' title='bbox 914 2003 999 2052; x_wconf 89' lang='lat' dir='ltr'>diu</span> <span class='ocrx_word' id='word_1_99' title='bbox 1035 2019 1202 2065; x_wconf 92' lang='lat' dir='ltr'>parem</span> <span class='ocrx_word' id='word_1_100' title='bbox 1239 2033 1241 2035; x_wconf 89' lang='lat'>·</span> 
     </span>
    </p>
   </div>
   <div class='ocr_carea' id='block_1_7' title="bbox 499 2142 1892 2449">
    <p class='ocr_par' dir='ltr' id='par_1_7' title="bbox 499 2142 1892 2449">
     <span class='ocr_line' id='line_1_22' title="bbox 499 2142 1892 2205; baseline -0.001 -13"><span class='ocrx_word' id='word_1_101' title='bbox 499 2145 708 2193; x_wconf 88' lang='lat' dir='ltr'>cornicis</span> <span class='ocrx_word' id='word_1_102' title='bbox 743 2145 934 2192; x_wconf 88' lang='lat' dir='ltr'>vetulae</span> <span class='ocrx_word' id='word_1_103' title='bbox 969 2142 1276 2205; x_wconf 89' lang='lat' dir='ltr'>temporibus</span> <span class='ocrx_word' id='word_1_104' title='bbox 1312 2145 1496 2205; x_wconf 91' lang='lat' dir='ltr'>Lycen,</span> <span class='ocrx_word' id='word_1_105' title='bbox 1843 2160 1892 2202; x_wconf 84' lang='lat'>25</span> 
     </span>
     <span class='ocr_line' id='line_1_23' title="bbox 499 2223 1426 2287; baseline -0.003 -13"><span class='ocrx_word' id='word_1_106' title='bbox 499 2234 703 2287; x_wconf 89' lang='lat' dir='ltr'>possent</span> <span class='ocrx_word' id='word_1_107' title='bbox 739 2233 793 2273; x_wconf 90' lang='lat' dir='ltr'>ut</span> <span class='ocrx_word' id='word_1_108' title='bbox 829 2224 1030 2273; x_wconf 91' lang='lat' dir='ltr'>iuvenes</span> <span class='ocrx_word' id='word_1_109' title='bbox 1065 2223 1221 2273; x_wconf 89' lang='lat' dir='ltr'>visere</span> <span class='ocrx_word' id='word_1_110' title='bbox 1255 2223 1426 2273; x_wconf 90' lang='lat' dir='ltr'>fervidi</span> 
     </span>
     <span class='ocr_line' id='line_1_24' title="bbox 566 2304 1137 2355; baseline -0.002 -2"><span class='ocrx_word' id='word_1_111' title='bbox 566 2307 723 2355; x_wconf 88' lang='lat' dir='ltr'>multo</span> <span class='ocrx_word' id='word_1_112' title='bbox 760 2322 862 2354; x_wconf 89' lang='lat' dir='ltr'>non</span> <span class='ocrx_word' id='word_1_113' title='bbox 899 2305 1004 2354; x_wconf 90' lang='lat' dir='ltr'>sine</span> <span class='ocrx_word' id='word_1_114' title='bbox 1039 2304 1137 2353; x_wconf 90' lang='lat' dir='ltr'>risu</span> 
     </span>
     <span class='ocr_line' id='line_1_25' title="bbox 632 2385 1394 2449; baseline -0.001 -14"><span class='ocrx_word' id='word_1_115' title='bbox 632 2386 872 2449; x_wconf 86' lang='lat' dir='ltr'>dilapsam</span> <span class='ocrx_word' id='word_1_116' title='bbox 909 2385 961 2433; x_wconf 91' lang='lat' dir='ltr'>in</span> <span class='ocrx_word' id='word_1_117' title='bbox 996 2385 1184 2433; x_wconf 90' lang='lat' dir='ltr'>eineres</span> <span class='ocrx_word' id='word_1_118' title='bbox 1220 2386 1394 2434; x_wconf 86' lang='lat' dir='ltr'>facem.</span> 
     </span>
    </p>
   </div>
   <div class='ocr_carea' id='block_1_8' title="bbox 232 2557 1895 2877">
    <p class='ocr_par' dir='ltr' id='par_1_8' title="bbox 232 2557 1895 2877">
     <span class='ocr_line' id='line_1_26' title="bbox 312 2557 1887 2608; baseline 0.001 -11"><span class='ocrx_word' id='word_1_119' title='bbox 312 2569 416 2598; x_wconf 83' lang='lat' dir='ltr'>xm.</span> <span class='ocrx_word' id='word_1_120' title='bbox 440 2571 503 2598; x_wconf 81' lang='lat'>21.</span> <span class='ocrx_word' id='word_1_121' title='bbox 561 2559 715 2599; x_wconf 82' lang='lat' dir='ltr'>dotium</span> <span class='ocrx_word' id='word_1_122' title='bbox 735 2558 770 2598; x_wconf 91' lang='lat' dir='ltr'>is</span> <span class='ocrx_word' id='word_1_123' title='bbox 789 2571 842 2597; x_wconf 88' lang='lat' dir='ltr'>an</span> <span class='ocrx_word' id='word_1_124' title='bbox 862 2558 1126 2598; x_wconf 86' lang='lat' dir='ltr'>emendation</span> <span class='ocrx_word' id='word_1_125' title='bbox 1151 2557 1207 2608; x_wconf 92' lang='lat' dir='ltr'>by</span> <span class='ocrx_word' id='word_1_126' title='bbox 1228 2557 1336 2597; x_wconf 88' lang='lat' dir='ltr'>Pros.</span> <span class='ocrx_word' id='word_1_127' title='bbox 1361 2557 1414 2597; x_wconf 87' lang='lat' dir='ltr'>A.</span> <span class='ocrx_word' id='word_1_128' title='bbox 1441 2558 1618 2598; x_wconf 83' lang='lat' dir='ltr'>Palmer.</span> <span class='ocrx_word' id='word_1_129' title='bbox 1675 2558 1766 2598; x_wconf 91' lang='lat' dir='ltr'>The</span> <span class='ocrx_word' id='word_1_130' title='bbox 1794 2569 1887 2599; x_wconf 84' lang='lat' dir='ltr'>MSS.</span> 
     </span>
     <span class='ocr_line' id='line_1_27' title="bbox 233 2625 1891 2678; baseline 0.002 -15"><span class='ocrx_word' id='word_1_131' title='bbox 233 2625 336 2664; x_wconf 88' lang='lat' dir='ltr'>have</span> <span class='ocrx_word' id='word_1_132' title='bbox 360 2631 532 2677; x_wconf 84' lang='lat' dir='ltr'>notaque</span> <span class='ocrx_word' id='word_1_133' title='bbox 556 2632 595 2664; x_wconf 84' lang='lat' dir='ltr'>et</span> <span class='ocrx_word' id='word_1_134' title='bbox 621 2626 796 2665; x_wconf 83' lang='lat' dir='ltr'>artium.</span> <span class='ocrx_word' id='word_1_135' title='bbox 855 2625 963 2664; x_wconf 90' lang='lat' dir='ltr'>Prof.</span> <span class='ocrx_word' id='word_1_136' title='bbox 996 2625 1216 2665; x_wconf 86' lang='lat' dir='ltr'>Housman</span> <span class='ocrx_word' id='word_1_137' title='bbox 1245 2626 1451 2678; x_wconf 87' lang='lat' dir='ltr'>proposed</span> <span class='ocrx_word' id='word_1_138' title='bbox 1478 2632 1574 2666; x_wconf 85' lang='lat' dir='ltr'>nota</span> <span class='ocrx_word' id='word_1_139' title='bbox 1597 2634 1693 2678; x_wconf 86' lang='lat' dir='ltr'>quot</span> <span class='ocrx_word' id='word_1_140' title='bbox 1718 2629 1891 2677; x_wconf 87' lang='lat' dir='ltr'>artium,</span> 
     </span>
     <span class='ocr_line' id='line_1_28' title="bbox 232 2692 1894 2744; baseline 0.002 -13"><span class='ocrx_word' id='word_1_141' title='bbox 232 2693 303 2731; x_wconf 89' lang='lat' dir='ltr'>but</span> <span class='ocrx_word' id='word_1_142' title='bbox 330 2693 358 2731; x_wconf 90' lang='lat' dir='ltr'>it</span> <span class='ocrx_word' id='word_1_143' title='bbox 387 2692 421 2731; x_wconf 88' lang='lat' dir='ltr'>is</span> <span class='ocrx_word' id='word_1_144' title='bbox 449 2693 623 2732; x_wconf 87' lang='lat' dir='ltr'>difficult</span> <span class='ocrx_word' id='word_1_145' title='bbox 650 2699 693 2732; x_wconf 93' lang='lat' dir='ltr'>to</span> <span class='ocrx_word' id='word_1_146' title='bbox 723 2705 790 2732; x_wconf 93' lang='lat' dir='ltr'>see</span> <span class='ocrx_word' id='word_1_147' title='bbox 808 2692 919 2732; x_wconf 87' lang='lat' dir='ltr'>what</span> <span class='ocrx_word' id='word_1_148' title='bbox 945 2698 1053 2732; x_wconf 83' lang='lat' dir='ltr'>artes</span> <span class='ocrx_word' id='word_1_149' title='bbox 1080 2705 1105 2731; x_wconf 87' lang='lat' dir='ltr'>a</span> <span class='ocrx_word' id='word_1_150' title='bbox 1131 2693 1261 2744; x_wconf 90' lang='lat' dir='ltr'>lady’s</span> <span class='ocrx_word' id='word_1_151' title='bbox 1287 2693 1377 2732; x_wconf 85' lang='lat' dir='ltr'>sace</span> <span class='ocrx_word' id='word_1_152' title='bbox 1403 2694 1525 2733; x_wconf 91' lang='lat' dir='ltr'>could</span> <span class='ocrx_word' id='word_1_153' title='bbox 1550 2693 1667 2734; x_wconf 88' lang='lat' dir='ltr'>have.</span> <span class='ocrx_word' id='word_1_154' title='bbox 1729 2695 1797 2734; x_wconf 91' lang='lat' dir='ltr'>On</span> <span class='ocrx_word' id='word_1_155' title='bbox 1825 2695 1894 2735; x_wconf 87' lang='lat' dir='ltr'>the</span> 
     </span>
     <span class='ocr_line' id='line_1_29' title="bbox 232 2759 1895 2812; baseline 0.001 -14"><span class='ocrx_word' id='word_1_156' title='bbox 232 2759 350 2799; x_wconf 90' lang='lat' dir='ltr'>other</span> <span class='ocrx_word' id='word_1_157' title='bbox 369 2759 480 2798; x_wconf 90' lang='lat' dir='ltr'>hand</span> <span class='ocrx_word' id='word_1_158' title='bbox 500 2761 603 2800; x_wconf 83' lang='lat' dir='ltr'>dotes</span> <span class='ocrx_word' id='word_1_159' title='bbox 624 2759 747 2812; x_wconf 85' lang='lat' dir='ltr'>(gists,</span> <span class='ocrx_word' id='word_1_160' title='bbox 769 2761 1071 2809; x_wconf 86' lang='lat' dir='ltr'>endowments)</span> <span class='ocrx_word' id='word_1_161' title='bbox 1091 2773 1160 2799; x_wconf 86' lang='lat' dir='ltr'>are</span> <span class='ocrx_word' id='word_1_162' title='bbox 1180 2759 1410 2812; x_wconf 89' lang='lat' dir='ltr'>frequently</span> <span class='ocrx_word' id='word_1_163' title='bbox 1431 2762 1616 2801; x_wconf 87' lang='lat' dir='ltr'>ascribed</span> <span class='ocrx_word' id='word_1_164' title='bbox 1638 2770 1679 2801; x_wconf 89' lang='lat' dir='ltr'>to</span> <span class='ocrx_word' id='word_1_165' title='bbox 1699 2776 1722 2802; x_wconf 91' lang='lat' dir='ltr'>a</span> <span class='ocrx_word' id='word_1_166' title='bbox 1743 2763 1828 2802; x_wconf 86' lang='lat' dir='ltr'>sace</span> <span class='ocrx_word' id='word_1_167' title='bbox 1849 2777 1895 2800; x_wconf 87' lang='lat' dir='ltr'>or</span> 
     </span>
     <span class='ocr_line' id='line_1_30' title="bbox 235 2827 1172 2877; baseline 0.001 -13"><span class='ocrx_word' id='word_1_168' title='bbox 235 2827 374 2877; x_wconf 84' lang='lat' dir='ltr'>figure.</span> <span class='ocrx_word' id='word_1_169' title='bbox 433 2828 530 2875; x_wconf 88' lang='lat' dir='ltr'>(See</span> <span class='ocrx_word' id='word_1_170' title='bbox 552 2827 686 2867; x_wconf 91' lang='lat' dir='ltr'>Lewis</span> <span class='ocrx_word' id='word_1_171' title='bbox 706 2828 787 2866; x_wconf 87' lang='lat' dir='ltr'>and</span> <span class='ocrx_word' id='word_1_172' title='bbox 809 2827 948 2872; x_wconf 85' lang='lat' dir='ltr'>Short,</span> <span class='ocrx_word' id='word_1_173' title='bbox 969 2841 1050 2867; x_wconf 90' lang='lat' dir='ltr'>s.v.</span> <span class='ocrx_word' id='word_1_174' title='bbox 1072 2828 1172 2875; x_wconf 85' lang='lat' dir='ltr'>dos.)</span> 
     </span>
    </p>
   </div>
  </div>
 </body>
</html>
