1930 3060
174 109 193 147 1
204 109 272 148 20
688 106 926 147 HORATI
966 105 1312 147 CARMINUM

439 227 510 276 sic
546 227 839 276 tauriformis
875 227 1084 276 volvitur
1119 227 1343 286 Aufidus,
1787 244 1838 287 25

436 309 521 373 qui
556 324 706 371 regna
742 307 908 356 Dauni
943 307 1168 371 praefluit
1204 305 1368 370 Apuli,

501 406 612 438 cum
651 381 805 439 saeisit
839 390 1237 452 horrendamque
1272 387 1418 438 cultis

570 471 805 521 diluviem
843 470 1106 519 meditatur
1140 469 1280 533 agris,

438 644 491 683 ut
525 634 842 683 barbarorum
880 631 1120 683 Claudius
1155 631 1352 695 agmina

438 717 614 765 ferrata
648 723 788 763 vasto
824 713 971 763 diruit
1006 714 1211 775 impetu,
1789 732 1841 774 30

504 797 788 860 primosque
823 803 873 844 et
908 803 1153 844 extremos
1189 795 1424 843 metendo

571 877 739 926 stravit
775 879 994 935 humum,
1033 876 1138 925 sine
1174 876 1315 925 clade
1351 875 1518 936 victor,

439 1051 488 1091 te
523 1042 707 1104 copias,
745 1051 794 1090 te
829 1040 1091 1090 consilium
1130 1050 1177 1090 et
1215 1051 1325 1090 tuos

439 1125 707 1186 praebente
743 1122 897 1171 divos.
970 1139 1085 1171 nam
1121 1122 1226 1181 tibi,
1262 1139 1364 1186 quo
1398 1122 1480 1173 die

505 1213 674 1267 portus
710 1204 1023 1253 Alexandrea
1058 1205 1264 1266 supplex
1790 1222 1840 1265 35

575 1296 622 1334 et
659 1301 866 1334 vacuam
901 1284 1134 1348 patefecit
1168 1285 1346 1345 aulam,

439 1455 635 1503 fortuna
670 1455 821 1502 lustro
856 1467 1094 1515 prospera
1128 1451 1274 1501 tertio

440 1535 557 1584 belli
593 1535 839 1584 secundos
875 1532 1094 1582 reddidit
1129 1532 1300 1593 exituS,

508 1617 807 1677 laudemque
842 1624 892 1664 et
927 1623 1151 1678 optatum
1188 1613 1399 1678 peractis

573 1697 788 1760 imperiis
825 1697 980 1745 decus
1016 1695 1270 1759 arrogavit.
1786 1717 1842 1758 40

440 1871 488 1911 te
526 1863 774 1913 Cantaber
810 1877 911 1909 non
948 1869 1063 1909 ante
1098 1859 1362 1910 domabilis

436 1945 718 2006 Medusque
754 1951 803 1991 et
841 1942 1011 2001 InduS‚
1050 1950 1099 1990 te
1133 1943 1366 2006 profugus
1402 1944 1604 2007 Scythes

510 2025 724 2082 miratur,
762 2039 793 2072 o
829 2023 983 2072 tutela
1018 2038 1252 2084 praesens

577 2104 751 2153 Italiae
787 2102 1121 2166 dominaeque
1157 2105 1362 2154 Romae.

441 2278 489 2317 te
525 2268 737 2317 fontium
774 2266 859 2330 qui
895 2267 1021 2315 celat
1056 2265 1271 2329 origines
1786 2287 1839 2330 45

442 2349 684 2412 Nilusque
720 2357 769 2397 et
808 2347 992 2408 Hister,
1030 2356 1079 2396 te
1114 2347 1315 2410 rapidus
1350 2348 1524 2413 Tigris,

508 2439 559 2479 te
595 2431 828 2479 beluosus
864 2431 947 2493 qui
983 2431 1185 2479 remotis

575 2511 814 2574 obstrepit
851 2512 1085 2560 Oceanus
1122 2509 1383 2570 Britannis,

255 2687 317 2725 28.
377 2686 468 2724 The
500 2695 593 2724 MSS.
627 2697 695 2724 are
725 2684 895 2724 divided
923 2685 1111 2724 between
1142 2683 1370 2724 meditatur
1397 2685 1478 2724 and
1506 2686 1733 2724 minitatur
1755 2687 1836 2725 and

170 2755 272 2794 both
303 2754 417 2793 these
448 2753 638 2805 readings
670 2766 724 2804 go
755 2752 863 2793 back
893 2758 937 2792 to
969 2752 1038 2792 the
1072 2753 1145 2802 4th
1178 2760 1360 2805 century,
1396 2753 1459 2793 for
1493 2754 1658 2793 Servius
1691 2763 1837 2804 quotes

174 2823 395 2863 meditatur
422 2822 503 2861 and
534 2821 694 2861 Nonius
725 2821 965 2860 minitatur.
