1930 3060
686 101 800 144 LIB.
839 100 914 143 ιν.
955 90 1006 153 ii,
1043 88 1112 143 iii.
1566 95 1573 99 ⁴·
1647 97 1744 152 103

862 300 962 348 III.

205 451 370 513 Quem
406 459 475 510 tu,
515 450 857 512 Melpomene,
895 449 1050 497 semel

340 541 629 580 nascentem
663 529 863 594 placido
900 529 1088 578 lumine
1123 525 1316 587 videris,

206 612 344 662 illum
380 628 484 660 non
518 613 662 660 labor
697 609 937 672 Isthmius*

340 691 546 742 clarabit
580 691 812 756 pugilem,
851 707 955 739 non
992 707 1151 753 equus
1186 687 1395 752 impiger

206 788 350 822 curru
384 773 535 820 ducet
570 770 794 819 Achaico
1727 782 1750 825 5

341 853 595 914 victorem,
631 869 795 916 neque
830 869 906 902 res
941 850 1118 901 bellica
1154 848 1311 899 Deliis

209 943 435 985 ornatum
469 933 599 983 foliis
635 935 829 994 ducem,

343 1015 480 1078 quod
515 1031 687 1079 regum
723 1014 938 1064 tumidas
973 1011 1254 1063 contuderit
1289 1009 1464 1072 minas,

211 1097 441 1147 ostendet
477 1095 762 1159 Capitoli03

345 1177 434 1227 sed
469 1194 598 1240 quae
632 1176 791 1226 Tibur
824 1193 985 1240 aquae
1021 1175 1180 1225 fertile
1214 1174 1495 1243 praefluunt
1706 1190 1754 1220 10

213 1269 261 1309 et
296 1258 483 1323 spissae
517 1273 779 1307 nemorum
814 1273 989 1306 comae

347 1341 534 1403 fingent
569 1339 748 1388 Aeolio
783 1338 1000 1387 carmine
1037 1336 1270 1387 nobilem.

218 1423 426 1479 Romae,
462 1418 698 1482 principis
733 1417 943 1478 urbium,

349 1501 580 1564 dignatur
614 1501 812 1549 suboles
846 1499 973 1549 inter
1007 1498 1235 1548 amabilis

217 1590 384 1631 vatum
421 1595 607 1642 ponere
641 1595 721 1628 me
756 1580 948 1638 choros,
1707 1593 1754 1637 15

352 1670 402 1711 et
435 1659 533 1710 iam
570 1661 720 1710 dente
755 1660 917 1708 minus
954 1660 1184 1710 mordeor
1219 1658 1402 1708 invido.

219 1759 252 1793 o
286 1742 547 1793 testudinis
581 1758 761 1792 aureae

351 1823 547 1873 dulcem
582 1840 710 1886 quae
745 1822 1016 1886 strepitum,
1056 1822 1195 1882 Pieri,
1235 1832 1499 1885 temperaS,

218 1921 251 1957 o
286 1904 436 1955 mutis
469 1921 670 1969 quoque
706 1904 923 1968 piscibus

352 1987 595 2035 donatura
628 1985 785 2049 cycni,
824 1985 863 2034 si
900 1986 1065 2045 libeat,
1102 2001 1296 2044 sonum,
1705 2001 1760 2031 20

218 2075 379 2118 totum
415 2068 631 2117 muneris
666 2069 763 2117 hoc
797 2067 869 2117 tui
903 2077 992 2127 est,

354 2148 494 2210 quod
528 2156 774 2197 monstror
807 2146 963 2210 digito
998 2143 1418 2209 praetereuntium

224 2229 481 2277 Romanae
517 2228 696 2278 fidicen
732 2229 891 2292 lyrae:

356 2309 494 2371 quod
529 2309 662 2372 spiro
698 2317 747 2357 et
781 2309 972 2371 place0‚
1010 2307 1051 2357 si
1084 2310 1274 2372 place0,
1312 2319 1451 2358 tuum
1488 2317 1572 2358 est.

91 2476 207 2519 there
225 2476 261 2518 is
276 2489 333 2518 no
351 2476 540 2518 ooeasion
560 2483 603 2518 at
626 2477 681 2518 all
708 2477 771 2518 sor
795 2477 866 2518 the
894 2476 1104 2531 emphatic
1133 2490 1337 2531 pronoun.
1394 2478 1506 2532 isque
1531 2478 1613 2519 and
1639 2483 1759 2532 atque

90 2543 197 2585 have
222 2543 312 2584 alno
339 2543 445 2585 been
474 2544 693 2598 proposed.
751 2545 835 2585 For
862 2545 1016 2598 ‘io’que
1042 2544 1095 2586 cf.
1124 2544 1250 2594 Ovid,
1288 2546 1412 2586 Trise.
1443 2555 1506 2585 1v.
1538 2558 1575 2585 2.
1609 2556 1674 2596 51,
1707 2557 1756 2597 52

91 2616 269 2664 lempna
313 2610 488 2653 Phoeben
530 2612 654 2651 lauro
694 2612 927 2665 cingentur,
965 2613 1124 2666 ‘io'que
1168 2613 1296 2653 Miles
1341 2617 1352 2635 ⁴
1368 2611 1430 2654 io'
1479 2625 1634 2665 magna
1669 2625 1759 2652 voce

96 2677 355 2732 'triumphe'
387 2684 519 2719 canet.
577 2678 638 2719 Of
670 2691 815 2720 course
847 2679 885 2720 io
918 2679 979 2729 (in
1010 2680 1142 2733 ioque)
1175 2680 1211 2720 is
1243 2693 1269 2720 a
1302 2679 1603 2733 monosyllable
1635 2692 1680 2719 as
1716 2680 1759 2720 in

91 2743 279 2788 catullus
296 2754 391 2787 ικῐ.
414 2744 469 2798 (io
486 2745 654 2798 Hymen
673 2745 908 2796 Hymenaee
926 2744 997 2799 io),
1020 2759 1076 2788 on
1096 2746 1232 2788 which
1251 2760 1320 2789 see
1341 2747 1508 2796 Munro,
1532 2747 1759 2788 Criticisms

91 2811 182 2852 and
194 2811 494 2863 elucidatam,
518 2826 559 2866 p.
585 2810 674 2866 136,
694 2826 742 2854 or
761 2814 969 2868 Postgate,
989 2815 1146 2869 Journ.
1167 2815 1280 2858 Phil.
1306 2825 1443 2856 xvm.
1470 2829 1511 2868 p.
1537 2814 1625 2867 146.
