1930 3060
144 101 175 150 8
668 109 904 151 HORATI
944 111 1184 152 CARMIN
1193 112 1285 154 UM

928 354 1018 401 VI.

343 508 574 559 Scriberis
609 507 762 580 Vario
797 508 935 557 fortis
970 518 1019 558 et
1053 508 1269 558 hostium

343 590 499 638 victor
535 589 755 638 Maeonii
790 589 1019 638 carminis
1054 589 1171 647 aliti,

344 686 494 732 quam
528 685 631 717 rem
667 686 878 731 cumque
914 671 1051 718 ferox
1085 669 1291 719 navibus
1326 679 1411 718 aut
1445 668 1584 733 equis

477 749 616 798 miles
653 760 700 798 te
735 751 863 798 duce
896 749 1108 813 gesserit.

344 909 452 952 nos,
488 891 721 955 Agrippa,
758 909 920 955 neque
955 894 1078 942 haec
1112 893 1288 952 dicere,
1327 910 1419 942 nec
1453 911 1650 957 gravem
1779 912 1801 955 5

345 974 546 1023 Pelidae
581 975 889 1022 stomachum
926 974 1101 1023 cedere
1137 974 1302 1033 nescii,

345 1071 438 1104 nec
474 1071 642 1103 cursus
677 1054 887 1117 duplicis
923 1070 1010 1117 per
1045 1070 1177 1103 mare
1212 1055 1395 1117 Ulixei,

481 1152 573 1184 nec
609 1151 804 1184 saevam
843 1135 1040 1198 Pelopis
1075 1136 1280 1184 domum

348 1294 598 1337 conamur,
635 1286 806 1326 tenues
840 1275 1057 1340 grandia,
1095 1277 1214 1332 dum
1249 1278 1409 1340 pudor

346 1358 654 1420 imbellisque
690 1359 819 1421 lyrae
856 1360 1003 1406 Musa
1038 1366 1216 1420 potens
1252 1368 1384 1407 vetat
1758 1379 1806 1409 ιο

346 1440 518 1487 laudes
554 1438 731 1502 egregii
767 1437 989 1489 Caesaris
1025 1447 1074 1487 et
1110 1448 1218 1487 tuas

481 1521 626 1583 culpa
662 1520 881 1569 deterere
915 1519 1093 1582 ingeni.

345 1651 456 1715 quis
493 1654 704 1701 Martem
741 1652 907 1701 tunica
942 1661 1129 1701 tectum
1165 1651 1481 1702 adamantina

347 1733 495 1796 digne
532 1732 775 1796 scripserit
810 1743 895 1782 aut
928 1735 1129 1797 pulvere
1164 1733 1346 1783 Troico

345 1814 534 1877 nigrum
574 1813 852 1863 Merionem
889 1824 971 1862 aut
1007 1830 1102 1877 ope
1140 1814 1354 1864 Palladis
1759 1835 1806 1878 15

477 1894 710 1957 Tydiden
747 1895 933 1957 superis
969 1897 1175 1958 parem?

343 2049 436 2081 nos
471 2031 711 2091 convivia,
748 2048 839 2081 nos
874 2032 1061 2095 proelia
1094 2031 1336 2095 virginum

344 2112 491 2162 sectis
526 2112 577 2160 in
611 2112 815 2162 iuvenes
851 2113 1097 2176 unguibus
1131 2113 1315 2162 acrium

344 2204 600 2243 cantamus
635 2194 792 2253 vacui,
831 2194 932 2242 sive
968 2193 1087 2256 quid
1122 2193 1320 2255 urimur,

478 2291 580 2324 non
615 2285 806 2338 praeter
842 2274 1040 2324 solitum
1077 2276 1223 2324 leves.
1754 2293 1809 2325 20

223 2494 285 2524 vl.
313 2497 350 2524 2.
406 2484 480 2524 All
501 2494 595 2524 MSS.
619 2484 725 2524 have
743 2484 854 2533 alite,
875 2483 950 2524 but
970 2497 1094 2536 many
1112 2483 1267 2525 editors
1287 2483 1519 2537 (following
1539 2483 1804 2530 Passeratius,

143 2552 211 2591 ob.
230 2550 347 2604 1602)
362 2553 460 2592 read
474 2553 581 2593 aliti.
619 2552 689 2592 No
708 2552 852 2599 doubt,
869 2552 939 2592 the
958 2552 1098 2592 dative
1118 2552 1166 2592 of
1179 2553 1250 2593 the
1264 2560 1389 2605 agent
1404 2554 1443 2595 is*
1452 2552 1692 2604 commonly
1704 2551 1806 2591 used

143 2620 241 2671 only
260 2620 359 2659 with
377 2621 604 2672 compound
626 2619 787 2672 passive
807 2626 956 2660 tenses.
1014 2620 1076 2660 As
1096 2620 1270 2673 Madvig
1288 2633 1380 2672 says
1401 2621 1472 2669 (on
1501 2619 1592 2659 Cic.
1611 2619 1679 2659 De
1704 2620 1805 2659 Fin.

144 2697 174 2726 1.
206 2687 261 2726 iv.
299 2689 379 2737 11),
410 2687 556 2727 Cicero
585 2688 707 2727 could
736 2694 810 2727 not
837 2687 944 2727 have
972 2687 1137 2727 written
1164 2688 1406 2727 scribuntur
1430 2686 1544 2726 nobis
1572 2688 1704 2726 multa
1733 2689 1806 2727 but

142 2754 275 2807 might
292 2754 399 2794 have
419 2754 582 2794 written
601 2755 752 2806 scripta
777 2760 879 2793 sunt
897 2755 1021 2795 nobis.
1079 2755 1160 2795 But
1179 2755 1230 2795 ef.
1255 2755 1391 2807 Epist.
1414 2764 1443 2794 1.
1473 2766 1536 2806 19.
1567 2767 1590 2805 3
1616 2755 1806 2794 carmina

142 2835 246 2874 quae
263 2821 509 2861 scribuntur
526 2836 656 2875 aquae
665 2822 890 2874 potoribus.
