1930 3060
177 136 244 186 28

695 145 932 186 HORATI
971 145 1210 186 CARMIN
1218 145 1313 187 UM

308 262 429 310 dant
465 261 585 311 alios
623 262 796 312 Furiae
831 272 971 312 torvo
1006 265 1287 326 spectacula
1323 262 1484 322 Marti,

442 343 589 392 exitio
625 353 699 392 est
732 343 930 393 avidum
965 360 1098 393 mare
1132 344 1324 405 nautis;

308 423 458 472 mixta
492 440 663 474 senum
699 441 759 472 ac
792 424 1024 473 iuvenum
1059 426 1329 474 densentur
1362 426 1544 483 funera,
1583 425 1772 473 nullum

442 521 588 569 saeva
622 515 768 567 caput
804 505 1098 567 Proserpina
1131 505 1265 567 fugit.
1783 523 1836 552 20

307 602 386 634 me
422 602 623 648 quoque
658 585 833 634 devexi
867 585 1064 648 rapidus
1099 601 1267 634 comes
1303 585 1506 635 Orionis?

442 666 646 730 Illyricis
682 668 844 715 Notus
880 665 1039 715 obruit
1073 650 1231 714 undis.
1316 671 1319 674 ’

307 756 357 795 at
393 756 459 805 tu,
497 757 659 806 nauta,
698 763 848 810 vagae
886 763 948 795 ne
982 735 1128 810 parce
1163 747 1406 809 malignus
1441 748 1652 796 harenae

442 828 633 877 ossibus
670 837 721 876 et
755 826 904 890 capiti
938 828 1197 876 inhumato
1584 819 1589 821 ³

309 908 595 972 particulam
621 909 765 958 dare:
803 909 886 969 sic,
912 909 1265 971 quodcumque
1289 908 1554 957 minabitur
1579 910 1737 956 Eurus
1786 925 1835 967 ²5

442 990 667 1038 fluctibus
704 988 976 1052 Hesperiis,
1014 989 1298 1038 Venusinae
1688 988 1690 990 ’

309 1073 585 1135 plectantur
619 1072 768 1119 silvae
804 1080 852 1119 te
889 1069 1088 1132 sospite,
1128 1071 1380 1132 multaque
1417 1086 1617 1129 merceS‚

437 1145 575 1200 ”unde
610 1160 789 1214 potest,
828 1149 916 1200 tibi
951 1151 1137 1200 defluat
1170 1166 1331 1213 aequo

309 1235 372 1283 ab
409 1235 529 1281 Iove
567 1234 904 1295 Neptunoque
940 1230 1064 1291 sacri
1098 1232 1305 1280 custode
1339 1231 1553 1280 Tarenti.

443 1313 658 1377 neglegis
694 1312 946 1362 immeritis
982 1312 1257 1361 nocituram
1787 1331 1840 1372 30

309 1396 578 1459 postmodo
612 1403 661 1443 te
696 1395 824 1443 natis
859 1395 1080 1461 fraudem
1116 1392 1460 1443 committere?
1505 1395 1654 1443 forset

445 1475 614 1524 debita
648 1475 754 1524 iura
787 1475 1018 1538 vicesque
1053 1474 1293 1537 superbae

311 1566 361 1606 te
395 1566 627 1605 maneant
660 1556 852 1619 ipsum:
899 1555 1128 1619 precibus
1162 1571 1265 1604 non
1299 1555 1492 1619 linquar
1524 1555 1703 1616 inultiS,

445 1646 595 1700 teque
630 1637 824 1700 piacula
857 1639 990 1686 nulla
1024 1638 1280 1703 resolvent.

313 1734 614 1782 quamquam
650 1718 864 1776 festinaS‚
902 1735 1004 1767 non
1039 1727 1113 1767 est
1150 1733 1287 1767 mora
1322 1719 1500 1781 longa:
1546 1716 1713 1787 licebit
1788 1734 1839 1777 35

446 1798 630 1849 iniecto
666 1809 738 1848 ter
772 1800 970 1862 pulvere
1005 1815 1199 1885 curras>⁸

915 2056 1105 2104 XXIX.

450 2197 566 2257 Icci‚
603 2196 759 2247 beatis
794 2213 926 2246 nunc
961 2200 1177 2263 Arabum
1212 2198 1403 2249 invides

446 2279 578 2342 gazis
615 2289 663 2327 et
697 2284 860 2327 acrem
897 2278 1119 2327 militiam
1155 2295 1295 2342 paras

515 2374 616 2407 non
652 2367 767 2407 ante
803 2358 1008 2407 devictis
1042 2360 1259 2408 Sabaeae

581 2439 775 2503 regibus
810 2439 1125 2501 horribilique
1162 2441 1319 2489 Medo

449 2588 606 2638 nectis
641 2591 876 2637 catenas?
922 2604 1050 2650 quae
1086 2587 1174 2636 tibi
1209 2587 1449 2651 virginum
1819 2605 1843 2650 5

449 2686 633 2734 sponso
669 2679 846 2718 necato
881 2671 1085 2717 barbara
1120 2669 1330 2717 serviet?

516 2768 638 2814 puer
673 2750 782 2813 quis
817 2767 878 2798 ex
911 2753 1025 2799 aula
1057 2749 1244 2813 capillis

583 2835 645 2880 ad
682 2833 911 2895 cyathum
949 2840 1186 2880 statuetur
1220 2829 1393 2889 unctis,
