1930 3060
650 118 764 159 ΜΒ.
805 117 881 158 1v.
924 106 1172 158 xi—-xiii,

264 242 437 292 dicunt
472 242 525 291 in
559 252 734 292 tenero
768 241 989 305 gramine
1025 242 1284 306 pinguium

263 325 499 374 custodes
534 324 703 373 ovium
739 323 960 373 carmina
994 326 1158 373 fistula

266 408 615 470 delectantque
651 406 820 465 deum,
856 407 938 456 cui
973 423 1127 471 pecus
1164 417 1213 456 et
1249 405 1372 473 nigri

397 489 551 539 colles
588 488 834 538 Arcadiae
868 490 1080 553 placent.

263 658 513 727 adduxere
550 646 678 706 sitim
718 666 954 721 tempora,
994 656 1179 721 Vergili
1196 675 1210 718 3

265 742 355 790 sed
390 758 615 805 pressum
652 741 857 792 Calibus
893 742 1074 790 ducere
1112 739 1346 790 Liberum

264 823 304 872 si
339 822 504 887 gestis,
542 823 776 873 iuvenum
813 822 1055 873 nobilium
1091 823 1261 884 cliens,

397 906 555 954 nardo
591 904 706 954 vina
742 906 1005 954 merebere.

265 1069 403 1118 nardi
440 1085 618 1134 parvus
652 1085 784 1133 onyx
819 1068 982 1118 eliciet
1017 1069 1214 1129 cadum,
1251 1129 1256 1134 .

265 1150 349 1214 qui
385 1166 521 1200 nunc
556 1149 785 1214 Sulpiciis
821 1152 1032 1200 accubat
1067 1150 1266 1213 horreis,

267 1249 380 1296 spes
413 1233 601 1282 donare
636 1249 792 1282 novas
827 1234 989 1295 largus
1025 1249 1292 1298 amaraque

401 1331 626 1363 curarum
661 1315 823 1364 eluere
860 1315 1043 1363 efficax.

267 1457 333 1505 ad
369 1471 497 1520 quae
531 1454 574 1505 si
607 1470 841 1518 properas
876 1456 1072 1518 gaudia,
1110 1472 1222 1504 cum
1261 1467 1346 1507 tua

268 1537 411 1587 velox
445 1553 606 1587 merce
640 1536 784 1587 veni:
826 1552 928 1587 non
966 1554 1058 1602 ego
1094 1547 1144 1588 te
1178 1539 1302 1589 meis

267 1617 541 1670 immunem
577 1619 791 1670 meditor
825 1619 1045 1684 tinguere
1080 1623 1286 1686 poculis,

400 1703 548 1766 plena
583 1701 719 1752 dives
755 1712 810 1752 ut
845 1702 897 1751 in
933 1704 1100 1753 domo.

265 1882 432 1916 verum
469 1882 602 1930 pone
637 1882 799 1916 moras
835 1876 885 1917 et
919 1867 1135 1917 studium
1173 1869 1307 1930 lucri,

266 1945 613 2011 nigrorumque
649 1964 853 2009 memor,
891 1949 1011 1998 dum
1048 1950 1175 2009 licet,
1215 1950 1404 2015 ignium

264 2027 417 2078 misce
452 2027 707 2078 stultitiam
744 2029 963 2081 consiliis
998 2033 1231 2084 brevem:

397 2110 544 2160 dulce
579 2122 653 2161 est
688 2111 912 2177 desipere
948 2112 997 2162 in
1035 2115 1163 2165 loco.

823 2414 975 2463 XIII.

332 2599 594 2662 Audivere,
635 2605 782 2669 Lyce,
819 2606 870 2656 di
907 2623 1020 2657 mea
1056 2619 1187 2671 vota,
1224 2609 1275 2661 di

332 2680 578 2741 audivere,
618 2683 779 2747 Lyce:
829 2686 885 2735 fis
920 2704 1061 2752 anus,
1097 2699 1147 2739 et
1183 2700 1351 2742 tamen

398 2763 470 2812 vis
504 2765 717 2816 formosa
752 2766 920 2829 videri,

466 2844 692 2909 ludisque
726 2856 775 2897 et
811 2848 937 2899 bibis
975 2849 1240 2915 impudens

1645 119 1744 173 117

1697 345 1746 375 10

1696 844 1742 887 ¹5

1689 1339 1743 1369 20

1687 1892 1736 1935 25
