1930 3060
705 134 942 175 HORATI
979 135 1321 177 CARMINUM

386 255 582 318 quidvis
617 264 666 305 et
699 257 860 306 facere
895 266 944 305 et
977 256 1093 319 pati,

519 335 809 398 virtutisque
826 336 975 411 'viam
1010 337 1193 387 deserit
1228 339 1423 389 arduae.

384 418 461 465 vel
497 432 589 465 nos
623 417 674 463 in
710 415 1028 479 Capitolium,
1798 441 1848 483 45

517 512 619 559 quo
653 498 840 546 clamor
874 506 1020 546 vocat
1055 506 1105 547 et
1139 500 1282 548 turba
1317 501 1599 560 faventium,

384 578 461 627 vel
496 593 588 625 nos
623 575 674 624 in
710 593 844 625 mare
879 578 1157 639 proximum

517 673 736 720 gemmas
774 667 823 706 et
856 657 1061 719 lapides,
1099 675 1275 708 aurum
1309 669 1358 709 et
1394 660 1578 719 inutile,

385 736 563 787 summi
598 736 850 786 materiem
889 738 1020 798 mali,

517 817 783 878 mittamus,
820 820 1060 867 scelerum
1096 817 1137 868 si
1172 821 1301 869 bene
1336 820 1569 882 paenitet.
1799 839 1851 883 50

385 899 635 949 eradenda
669 898 913 962 cupidinis

518 980 654 1043 pravi
689 989 804 1029 sunt
838 982 1099 1040 elementa,
1135 990 1185 1031 et
1220 991 1416 1032 tenerae
1453 982 1598 1032 nimis

385 1069 576 1110 mentes
610 1060 940 1123 asperioribus

519 1142 806 1191 formandae
842 1142 1030 1191 studiis.
1101 1143 1258 1192 nescit
1294 1161 1425 1207 equo
1459 1145 1594 1194 rudis

384 1225 583 1273 haerere
617 1222 859 1286 ingenuus
895 1239 1018 1285 puer
1800 1242 1849 1287 55

518 1302 785 1366 venarique
820 1302 975 1362 timet,
1012 1305 1181 1355 ludere
1216 1305 1424 1365 doctior,

384 1401 472 1434 seu
510 1386 702 1433 Graeco
735 1383 906 1433 iubeas
941 1387 1130 1446 trocho,

519 1481 605 1514 seu
640 1464 782 1514 malis
816 1465 966 1515 vetita
1001 1466 1190 1530 legibus
1224 1468 1348 1528 alea,

383 1561 495 1594 cum
532 1545 726 1608 periura
760 1547 910 1609 patris
945 1548 1069 1597 fides

517 1640 799 1676 consortem
835 1627 1024 1677 socium
1059 1629 1195 1678 fallat
1228 1637 1280 1679 et
1313 1628 1548 1693 hospites,
1797 1638 1853 1679 60

385 1706 689 1771 indignoque
724 1710 987 1772 pecuniam

519 1789 686 1839 heredi
721 1800 965 1854 properet.
1036 1790 1222 1840 scilicet
1256 1791 1510 1854 improbae

388 1880 617 1920 crescunt
650 1870 880 1920 divitiae:
926 1880 1095 1921 tamen

519 1961 684 2001 curtae
719 1952 889 2002 nescio
923 1953 1045 2015 quid
1080 1968 1274 2016 semper
1307 1954 1446 2002 abest
1482 1953 1564 2004 rei.

942 2218 1102 2267 XXV.

323 2360 440 2421 Quo
475 2375 568 2415 me,
607 2361 817 2419 Bacche,
854 2359 985 2423 rapis
1021 2359 1094 2410 tui

456 2442 697 2502 plenum?
741 2457 869 2504 quae
904 2458 1108 2490 nemora
1142 2451 1227 2491 aut
1261 2458 1387 2505 quos
1422 2458 1541 2506 agor
1575 2440 1626 2490 in
1661 2456 1837 2504 specus

323 2523 468 2571 velox
501 2531 669 2571 mente
705 2524 872 2571 nova?
917 2522 1098 2585 quibus

457 2602 607 2651 antris
642 2602 821 2666 egregii
857 2603 1082 2653 Caesaris
1117 2603 1288 2653 audiar

323 2692 578 2732 aeternum
613 2684 858 2733 meditans
894 2685 1047 2733 decus
1830 2699 1854 2744 5

459 2764 611 2812 stellis
646 2764 856 2813 inserere
892 2774 939 2813 et
974 2765 1182 2814 consilio
1221 2766 1390 2814 Iovis?

326 2844 486 2893 dicam
523 2843 725 2908 insigne,
764 2862 948 2904 recens,
989 2846 1154 2894 adhuc

459 2925 702 2974 indictum
739 2942 822 2974 ore
858 2926 968 2975 alio.
1041 2943 1144 2975 non
1179 2943 1320 2975 secus
1356 2926 1406 2973 in
1443 2926 1567 2989 iugis
