1930 3060
606 139 723 180 LIB.
765 139 849 179 ΙΙΙ.
891 128 1200 180 xvii—xix.

833 329 977 376 XIX.

270 466 528 529 Quantum
562 465 712 516 distet
747 466 812 514 ab
849 465 1041 513 Inacho

404 549 613 607 Codrus,
653 564 743 612 pro
778 546 939 611 patria
971 563 1074 596 non
1110 545 1313 595 timidus
1349 544 1491 606 mori,

267 646 435 681 narras
469 639 519 680 et
553 646 709 694 genus
744 629 898 680 Aeaci

403 721 454 761 et
486 721 705 776 pugnata
741 728 882 761 sacro
914 701 1049 761 'bella
1083 711 1178 760 sub
1213 709 1339 759 Ilio:

268 809 370 858 quo
405 793 587 845 Chium
623 793 784 858 pretio
818 795 1001 843 cadum

402 892 690 936 mercemur,
726 875 837 940 quis
873 891 1055 937 aquam
1093 883 1336 937 temperet
1371 873 1582 938 ignibuS,

266 972 369 1021 quo
403 959 675 1021 praebente
710 959 915 1006 domum
952 967 1002 1007 et
1037 966 1193 1020 quota

401 1039 647 1104 Paelignis
681 1056 877 1089 caream
913 1038 1189 1103 frigoribus,
1227 1048 1373 1089 taces.

267 1122 334 1171 da
366 1122 516 1171 lunae
551 1138 760 1186 propere
795 1138 971 1184 novae,
1115 1182 1118 1184 v

402 1205 468 1254 da
502 1203 664 1253 noctis
699 1203 908 1262 mediae,
946 1204 1027 1264 da,
1063 1221 1200 1268 puer,
1238 1203 1440 1268 auguris(

270 1287 526 1336 Murenae.
597 1285 754 1336 tribus
789 1295 875 1335 aut
909 1302 1088 1336 novem

402 1367 674 1417 miscentur
708 1367 897 1432 cyathis
932 1370 1117 1432 pocula
1151 1367 1446 1420 commodiS.

269 1449 355 1514 qui
392 1451 564 1499 Musas
599 1460 732 1500 amat
767 1450 980 1514 imparis,

405 1541 572 1581 ternos
606 1540 680 1582 ter
713 1533 917 1596 cyathos
951 1531 1192 1582 attonitus
1226 1542 1360 1597 petet

269 1622 436 1663 vates.
482 1613 568 1662 tris
602 1613 833 1678 prohibet
867 1631 1016 1678 supra

403 1694 614 1744 rixarum
649 1705 877 1745 metuens
912 1705 1113 1760 tangere
1149 1697 1321 1747 Gratia

270 1776 416 1827 nudis
450 1777 616 1827 iuncta
649 1778 912 1828 sororibus.

402 1859 615 1911 insanire
649 1859 812 1910 iuvat:
858 1877 943 1909 cur
980 1861 1297 1925 Berecyntiae

268 1951 466 1991 cessum
499 1942 701 1992 flamina
733 1941 883 1993 tibiae
896 1945 920 1993 ?

403 2040 490 2073 cur
523 2025 707 2089 pendet
741 2024 893 2075 tacita
926 2027 1089 2075 fistula
1123 2044 1236 2076 cum
1273 2028 1412 2092 lyra?

268 2105 515 2170 parcentis
548 2122 642 2171 ego
677 2108 902 2157 dexteras

402 2187 518 2239 odi:
564 2205 738 2253 sparge
773 2205 939 2251 rosas,
985 2190 1155 2241 audiat
1189 2191 1386 2242 invidus

268 2269 553 2320 dementem
590 2270 850 2334 strepitum
889 2273 1050 2335 Lycus

402 2359 453 2400 et
489 2349 651 2400 vicina
683 2351 788 2401 seni
825 2368 926 2401 non
962 2352 1138 2404 habilis
1176 2356 1324 2419 Lyc0.

268 2431 427 2496 spissa
460 2441 510 2482 te
545 2431 754 2482 nitidum
791 2449 950 2492 coma,

402 2529 528 2576 puro
564 2524 612 2563 te
648 2514 875 2574 similem,
913 2517 1150 2581 Telephe,
1190 2520 1413 2583 Vespero

269 2594 561 2658 tempestiva
596 2594 720 2658 petit
757 2596 938 2647 Rhode
955 2617 967 2659 ;

402 2692 483 2725 me
518 2678 680 2725 lentus
715 2677 954 2741 Glycerae
990 2689 1141 2730 torret
1176 2698 1315 2732 amor
1350 2699 1504 2733 meae.

1695 1224 1744 1252 10

1695 1635 1742 1678 15

1690 2048 1743 2077 20

148 2818 246 2851 xlx.
273 2824 332 2853 n.
390 2813 458 2852 ΛΙΙ
481 2814 549 2853 the
573 2824 667 2853 uss.
692 2814 795 2855 have
815 2817 1049 2857 miscentur.
1112 2819 1239 2871 Many
1260 2820 1355 2860 edd.
1380 2822 1475 2860 read
1506 2822 1730 2870 nn'scentor,

68 2873 227 2929 oster]-
251 2877 428 2931 Κωζαι-ι
447 2879 532 2930 (ob.
562 2880 693 2932 16²5).
