1930 3060
651 106 764 146 LIB.
805 105 882 147 1v.
921 94 1029 157 viii,
1068 94 1145 147 ix,

850 294 938 340 IX.

258 420 338 469 Ne
373 419 499 469 forte
533 419 706 468 credas
742 417 1010 477 interitura,
1049 432 1177 480 quae

194 497 199 501 ’
255 500 402 564 longe
436 510 698 550 sonantem
735 508 881 549 natus
915 499 981 549 ad
1018 500 1255 548 Aufidum

323 598 426 632 non
461 591 577 632 ante
612 582 835 646 vulgatas
871 597 960 645 per
994 580 1110 630 artis

390 664 542 730 verba
576 649 755 728 loquor
790 663 1030 713 socianda
1065 661 1276 712 chordis.

256 794 375 838 non,
413 778 453 828 si
488 778 678 843 priores
716 778 982 829 Maeonius
1018 787 1156 827 tenet

258 862 402 912 sedes
440 863 709 921 Homerus,
749 859 1042 910 Pindaricae
1079 862 1236 910 latent

337 946 570 1008 Ceaeque
604 953 654 993 et
691 943 863 993 Alcaei
897 941 1120 991 minaces

392 1026 757 1089 Stesichorique
791 1042 963 1089 graves
998 1041 1252 1082 camenae,

258 1163 368 1207 nec,
405 1145 570 1209 siquid
606 1146 727 1195 olim
762 1144 877 1194 lusit
911 1147 1192 1204 Anacreon,

260 1227 442 1280 delevit
477 1236 614 1277 aetas
628 1246 643 1290 3
690 1225 841 1291 spirat
877 1226 1042 1275 adhuc
1076 1242 1219 1276 amor

328 1310 602 1373 vivuntque
637 1307 891 1358 commissi
926 1309 1116 1359 calores

396 1391 603 1442 Aeoliae
637 1390 820 1440 fidibus
855 1391 1062 1453 puellae.

265 1519 367 1553 non
402 1503 510 1552 sola
544 1509 774 1565 comptos
810 1500 926 1549 arsit
961 1500 1170 1550 adulteri

264 1585 424 1635 crines
457 1593 508 1633 et
542 1599 712 1632 aurum
752 1581 970 1632 vestibus
1004 1581 1180 1631 illitum

333 1666 507 1715 mirata
541 1665 814 1729 regalisque
847 1665 1009 1714 cultus

399 1756 450 1797 et
482 1745 691 1796 comites
730 1747 927 1796 Helene
963 1747 1207 1804 Lacaena,

267 1864 516 1929 primusve
550 1865 745 1914 Teucer
779 1866 878 1914 tela
915 1864 1148 1929 Cydonio

263 1944 452 1997 derexit
485 1962 632 2010 arcu3
681 1963 782 1996 non
818 1947 973 1996 semel
1010 1945 1131 1996 Ilios

330 2038 536 2090 vexata3
580 2044 683 2079 non
719 2027 956 2093 pugnavit
990 2027 1165 2092 ingens

399 2112 702 2161 Idomeneus
738 2111 1063 2161 Sthenelusve
1098 2113 1233 2161 solus

263 2227 478 2279 dicenda
514 2228 674 2279 Musis
710 2229 927 2293 proelia;
974 2245 1076 2279 non
1112 2230 1250 2279 ferox

270 2310 463 2359 Hector
498 2311 575 2360 vel
609 2326 724 2359 acer
761 2310 1057 2375 Deiphobus
1090 2311 1249 2375 gravis

335 2389 526 2455 excepit
562 2390 689 2441 ictus
724 2407 814 2454 pro
848 2391 1043 2455 pudicis

402 2472 698 2536 coniugibus
732 2472 993 2537 puerisque
1029 2473 1228 2538 primus,

268 2580 431 2631 vixere
465 2582 614 2632 fortes
647 2593 765 2633 ante
802 2586 1182 2648 Agamemnona

270 2663 410 2713 multi
427 2682 440 2726 ς
488 2666 577 2714 sed
612 2679 786 2715 omnes
821 2665 1183 2717 illacrimabiles

336 2756 569 2810 urgentur
603 2745 857 2812 ignotique
892 2750 1041 2813 longa

405 2838 568 2888 nocte,
605 2839 773 2879 carent
808 2830 927 2894 quia
960 2841 1071 2881 vate
1109 2847 1262 2882 sacro.

203 2938 330 2979 Qu.

1639 106 1736 158 113

1689 1247 1740 1276 10

1693 1687 1740 1730 ¹5

1690 2135 1743 2165 20
