<?xml version="1.0" encoding="UTF-8"?>
<!DOCTYPE html PUBLIC "-//W3C//DTD XHTML 1.0 Transitional//EN"
    "http://www.w3.org/TR/xhtml1/DTD/xhtml1-transitional.dtd">
<html xmlns="http://www.w3.org/1999/xhtml" xml:lang="en" lang="en">
 <head>
  <title>
</title>
<meta http-equiv="Content-Type" content="text/html;charset=utf-8" />
  <meta name='ocr-system' content='tesseract 3.04.00' />
  <meta name='ocr-capabilities' content='ocr_page ocr_carea ocr_par ocr_line ocrx_word'/>
</head>
<body>
  <div class='ocr_page' id='page_1' title='image "./carminaliberepod00horauoft_0113.png"; bbox 0 0 1930 3060; ppageno 0'>
   <div class='ocr_carea' id='block_1_1' title="bbox 656 113 1090 173">
    <p class='ocr_par' dir='ltr' id='par_1_1' title="bbox 656 113 1090 173">
     <span class='ocr_line' id='line_1_1' title="bbox 656 113 1090 173; baseline -0.002 -8"><span class='ocrx_word' id='word_1_1' title='bbox 656 124 769 167; x_wconf 68' lang='grc' dir='ltr'>ΜΒ.</span> <span class='ocrx_word' id='word_1_2' title='bbox 810 123 895 164; x_wconf 92' lang='lat'>111.</span> <span class='ocrx_word' id='word_1_3' title='bbox 936 113 1015 173; x_wconf 60' lang='lat' dir='ltr'>iv,</span> <span class='ocrx_word' id='word_1_4' title='bbox 1042 129 1090 165; x_wconf 89' lang='lat' dir='ltr'>v.</span> 
     </span>
    </p>
   </div>
   <div class='ocr_carea' id='block_1_2' title="bbox 309 243 1295 539">
    <p class='ocr_par' dir='ltr' id='par_1_2' title="bbox 309 243 1200 307">
     <span class='ocr_line' id='line_1_2' title="bbox 309 243 1200 307; baseline -0.004 -12"><span class='ocrx_word' id='word_1_5' title='bbox 309 246 515 295; x_wconf 81' lang='lat' dir='ltr'>milesne</span> <span class='ocrx_word' id='word_1_6' title='bbox 551 244 716 296; x_wconf 91' lang='lat' dir='ltr'>Crassi</span> <span class='ocrx_word' id='word_1_7' title='bbox 750 243 959 307; x_wconf 90' lang='lat' dir='ltr'>coniuge</span> <span class='ocrx_word' id='word_1_8' title='bbox 995 243 1200 292; x_wconf 88' lang='lat' dir='ltr'>barbara</span> 
     </span>
    </p>

    <p class='ocr_par' dir='ltr' id='par_1_3' title="bbox 311 323 1195 390">
     <span class='ocr_line' id='line_1_3' title="bbox 311 323 1195 390; baseline -0.007 -14"><span class='ocrx_word' id='word_1_9' title='bbox 311 327 463 390; x_wconf 88' lang='lat' dir='ltr'>turpis</span> <span class='ocrx_word' id='word_1_10' title='bbox 500 325 700 375; x_wconf 89' lang='lat' dir='ltr'>maritus</span> <span class='ocrx_word' id='word_1_11' title='bbox 736 324 856 374; x_wconf 81' lang='lat' dir='ltr'>vixit</span> <span class='ocrx_word' id='word_1_12' title='bbox 891 334 940 373; x_wconf 91' lang='lat' dir='ltr'>et</span> <span class='ocrx_word' id='word_1_13' title='bbox 976 323 1195 372; x_wconf 90' lang='lat' dir='ltr'>hostium</span> 
     </span>
    </p>

    <p class='ocr_par' dir='ltr' id='par_1_4' title="bbox 380 404 1295 539">
     <span class='ocr_line' id='line_1_4' title="bbox 380 404 1229 473; baseline -0.005 -17"><span class='ocrx_word' id='word_1_14' title='bbox 380 407 494 473; x_wconf 90' lang='lat' dir='ltr'>(pro</span> <span class='ocrx_word' id='word_1_15' title='bbox 528 405 664 456; x_wconf 90' lang='lat' dir='ltr'>curia</span> <span class='ocrx_word' id='word_1_16' title='bbox 699 407 976 468; x_wconf 91' lang='lat' dir='ltr'>inversique</span> <span class='ocrx_word' id='word_1_17' title='bbox 1011 421 1174 454; x_wconf 88' lang='lat' dir='ltr'>mores</span> <span class='ocrx_word' id='word_1_18' title='bbox 1198 404 1229 468; x_wconf 75' lang='lat'>1)</span> 
     </span>
     <span class='ocr_line' id='line_1_5' title="bbox 444 485 1295 539; baseline -0.004 -2"><span class='ocrx_word' id='word_1_19' title='bbox 444 488 706 539; x_wconf 90' lang='lat' dir='ltr'>consenuit</span> <span class='ocrx_word' id='word_1_20' title='bbox 742 503 1024 537; x_wconf 88' lang='lat' dir='ltr'>socerorum</span> <span class='ocrx_word' id='word_1_21' title='bbox 1060 486 1111 534; x_wconf 93' lang='lat' dir='ltr'>in</span> <span class='ocrx_word' id='word_1_22' title='bbox 1147 485 1295 535; x_wconf 88' lang='lat' dir='ltr'>armis</span> 
     </span>
    </p>
   </div>
   <div class='ocr_carea' id='block_1_3' title="bbox 311 639 1322 933">
    <p class='ocr_par' dir='ltr' id='par_1_5' title="bbox 311 639 1322 933">
     <span class='ocr_line' id='line_1_6' title="bbox 311 639 1308 704; baseline -0.002 -15"><span class='ocrx_word' id='word_1_23' title='bbox 311 639 405 689; x_wconf 91' lang='lat' dir='ltr'>sub</span> <span class='ocrx_word' id='word_1_24' title='bbox 439 656 554 704; x_wconf 88' lang='lat' dir='ltr'>rege</span> <span class='ocrx_word' id='word_1_25' title='bbox 591 640 748 688; x_wconf 91' lang='lat' dir='ltr'>Medo</span> <span class='ocrx_word' id='word_1_26' title='bbox 785 640 981 692; x_wconf 85' lang='lat' dir='ltr'>Marsus</span> <span class='ocrx_word' id='word_1_27' title='bbox 1017 648 1066 688; x_wconf 91' lang='lat' dir='ltr'>et</span> <span class='ocrx_word' id='word_1_28' title='bbox 1102 639 1308 702; x_wconf 89' lang='lat' dir='ltr'>Apulus,</span> 
     </span>
     <span class='ocr_line' id='line_1_7' title="bbox 311 720 1203 785; baseline -0.001 -14"><span class='ocrx_word' id='word_1_29' title='bbox 311 721 603 771; x_wconf 87' lang='lat' dir='ltr'>anciliorum</span> <span class='ocrx_word' id='word_1_30' title='bbox 638 730 689 770; x_wconf 91' lang='lat' dir='ltr'>et</span> <span class='ocrx_word' id='word_1_31' title='bbox 722 720 939 770; x_wconf 90' lang='lat' dir='ltr'>nominis</span> <span class='ocrx_word' id='word_1_32' title='bbox 973 730 1024 770; x_wconf 94' lang='lat' dir='ltr'>et</span> <span class='ocrx_word' id='word_1_33' title='bbox 1058 730 1203 785; x_wconf 88' lang='lat' dir='ltr'>togae</span> 
     </span>
     <span class='ocr_line' id='line_1_8' title="bbox 380 803 1162 864; baseline -0.004 -11"><span class='ocrx_word' id='word_1_34' title='bbox 380 803 565 853; x_wconf 89' lang='lat' dir='ltr'>oblitus</span> <span class='ocrx_word' id='word_1_35' title='bbox 601 811 929 864; x_wconf 87' lang='lat' dir='ltr'>aeternaeque</span> <span class='ocrx_word' id='word_1_36' title='bbox 964 804 1162 863; x_wconf 89' lang='lat' dir='ltr'>Vestae,</span> 
     </span>
     <span class='ocr_line' id='line_1_9' title="bbox 446 883 1322 933; baseline 0.001 -1"><span class='ocrx_word' id='word_1_37' title='bbox 446 883 684 933; x_wconf 89' lang='lat' dir='ltr'>incolumi</span> <span class='ocrx_word' id='word_1_38' title='bbox 721 885 843 933; x_wconf 88' lang='lat' dir='ltr'>Iove</span> <span class='ocrx_word' id='word_1_39' title='bbox 878 892 927 932; x_wconf 92' lang='lat' dir='ltr'>et</span> <span class='ocrx_word' id='word_1_40' title='bbox 962 883 1082 932; x_wconf 90' lang='lat' dir='ltr'>urbe</span> <span class='ocrx_word' id='word_1_41' title='bbox 1119 885 1322 933; x_wconf 85' lang='lat' dir='ltr'>Roma?</span> 
     </span>
    </p>
   </div>
   <div class='ocr_carea' id='block_1_4' title="bbox 312 1030 1272 1343">
    <p class='ocr_par' dir='ltr' id='par_1_6' title="bbox 312 1030 1272 1343">
     <span class='ocr_line' id='line_1_10' title="bbox 312 1030 1272 1095; baseline -0.006 -10"><span class='ocrx_word' id='word_1_42' title='bbox 312 1035 411 1085; x_wconf 92' lang='lat' dir='ltr'>hoc</span> <span class='ocrx_word' id='word_1_43' title='bbox 444 1042 639 1084; x_wconf 86' lang='lat' dir='ltr'>caverat</span> <span class='ocrx_word' id='word_1_44' title='bbox 674 1048 815 1082; x_wconf 89' lang='lat' dir='ltr'>mens</span> <span class='ocrx_word' id='word_1_45' title='bbox 850 1030 1056 1095; x_wconf 87' lang='lat' dir='ltr'>provida</span> <span class='ocrx_word' id='word_1_46' title='bbox 1092 1030 1272 1095; x_wconf 89' lang='lat' dir='ltr'>Reguli</span> 
     </span>
     <span class='ocr_line' id='line_1_11' title="bbox 313 1112 1068 1166; baseline -0.004 -1"><span class='ocrx_word' id='word_1_47' title='bbox 313 1113 651 1166; x_wconf 88' lang='lat' dir='ltr'>dissentientis</span> <span class='ocrx_word' id='word_1_48' title='bbox 687 1112 1068 1163; x_wconf 90' lang='lat' dir='ltr'>condicionibus</span> 
     </span>
     <span class='ocr_line' id='line_1_12' title="bbox 380 1194 1138 1259; baseline -0.003 -13"><span class='ocrx_word' id='word_1_49' title='bbox 380 1196 541 1248; x_wconf 86' lang='lat' dir='ltr'>foedis</span> <span class='ocrx_word' id='word_1_50' title='bbox 575 1207 624 1246; x_wconf 90' lang='lat' dir='ltr'>et</span> <span class='ocrx_word' id='word_1_51' title='bbox 661 1197 890 1259; x_wconf 89' lang='lat' dir='ltr'>exemplo</span> <span class='ocrx_word' id='word_1_52' title='bbox 925 1194 1138 1244; x_wconf 90' lang='lat' dir='ltr'>trahenti</span> 
     </span>
     <span class='ocr_line' id='line_1_13' title="bbox 448 1277 1268 1343; baseline -0.004 -15"><span class='ocrx_word' id='word_1_53' title='bbox 448 1277 717 1343; x_wconf 90' lang='lat' dir='ltr'>perniciem</span> <span class='ocrx_word' id='word_1_54' title='bbox 752 1278 957 1327; x_wconf 88' lang='lat' dir='ltr'>veniens</span> <span class='ocrx_word' id='word_1_55' title='bbox 993 1277 1043 1326; x_wconf 91' lang='lat' dir='ltr'>in</span> <span class='ocrx_word' id='word_1_56' title='bbox 1079 1293 1268 1336; x_wconf 88' lang='lat' dir='ltr'>aevum,</span> 
     </span>
    </p>
   </div>
   <div class='ocr_carea' id='block_1_5' title="bbox 316 1426 1319 1723">
    <p class='ocr_par' dir='ltr' id='par_1_7' title="bbox 316 1426 1319 1723">
     <span class='ocr_line' id='line_1_14' title="bbox 316 1426 1103 1492; baseline -0.004 -13"><span class='ocrx_word' id='word_1_57' title='bbox 316 1428 357 1479; x_wconf 86' lang='lat' dir='ltr'>si</span> <span class='ocrx_word' id='word_1_58' title='bbox 390 1445 495 1479; x_wconf 91' lang='lat' dir='ltr'>non</span> <span class='ocrx_word' id='word_1_59' title='bbox 528 1426 708 1492; x_wconf 91' lang='lat' dir='ltr'>periret</span> <span class='ocrx_word' id='word_1_60' title='bbox 742 1426 1103 1476; x_wconf 88' lang='lat' dir='ltr'>immiserabilis</span> 
     </span>
     <span class='ocr_line' id='line_1_15' title="bbox 316 1507 1319 1575; baseline -0.002 -15"><span class='ocrx_word' id='word_1_61' title='bbox 316 1511 515 1575; x_wconf 86' lang='lat' dir='ltr'>captiva</span> <span class='ocrx_word' id='word_1_62' title='bbox 548 1511 721 1574; x_wconf 79' lang='lat' dir='ltr'>pubeS.</span> <span class='ocrx_word' id='word_1_63' title='bbox 795 1509 956 1573; x_wconf 87' lang='lat' dir='ltr'>‘signa</span> <span class='ocrx_word' id='word_1_64' title='bbox 990 1525 1082 1572; x_wconf 90' lang='lat' dir='ltr'>ego</span> <span class='ocrx_word' id='word_1_65' title='bbox 1120 1507 1319 1558; x_wconf 89' lang='lat' dir='ltr'>Punicis</span> 
     </span>
     <span class='ocr_line' id='line_1_16' title="bbox 378 1591 1046 1641; baseline -0.004 0"><span class='ocrx_word' id='word_1_66' title='bbox 378 1593 541 1641; x_wconf 86' lang='lat' dir='ltr'>adfixa</span> <span class='ocrx_word' id='word_1_67' title='bbox 575 1591 791 1641; x_wconf 89' lang='lat' dir='ltr'>delubris</span> <span class='ocrx_word' id='word_1_68' title='bbox 826 1600 876 1640; x_wconf 92' lang='lat' dir='ltr'>et</span> <span class='ocrx_word' id='word_1_69' title='bbox 910 1607 1046 1638; x_wconf 90' lang='lat' dir='ltr'>arma</span> 
     </span>
     <span class='ocr_line' id='line_1_17' title="bbox 452 1671 1198 1723; baseline -0.003 -1"><span class='ocrx_word' id='word_1_70' title='bbox 452 1672 689 1723; x_wconf 88' lang='lat' dir='ltr'>militibus</span> <span class='ocrx_word' id='word_1_71' title='bbox 724 1672 830 1721; x_wconf 87' lang='lat' dir='ltr'>sine</span> <span class='ocrx_word' id='word_1_72' title='bbox 866 1673 1038 1721; x_wconf 88' lang='lat' dir='ltr'>caede&#39;</span> <span class='ocrx_word' id='word_1_73' title='bbox 1075 1671 1198 1721; x_wconf 88' lang='lat' dir='ltr'>dixit</span> 
     </span>
    </p>
   </div>
   <div class='ocr_carea' id='block_1_6' title="bbox 318 1822 1244 2132">
    <p class='ocr_par' dir='ltr' id='par_1_8' title="bbox 318 1822 1211 1969">
     <span class='ocr_line' id='line_1_18' title="bbox 318 1822 1211 1888; baseline -0.001 -15"><span class='ocrx_word' id='word_1_74' title='bbox 318 1823 552 1888; x_wconf 89' lang='lat' dir='ltr'>‘derepta</span> <span class='ocrx_word' id='word_1_75' title='bbox 586 1822 688 1873; x_wconf 91' lang='lat' dir='ltr'>vidi</span> <span class='ocrx_word' id='word_1_76' title='bbox 702 1842 718 1885; x_wconf 82' lang='lat'><em>3</em></span> <span class='ocrx_word' id='word_1_77' title='bbox 763 1822 865 1873; x_wconf 90' lang='lat' dir='ltr'>vidi</span> <span class='ocrx_word' id='word_1_78' title='bbox 901 1839 993 1888; x_wconf 89' lang='lat' dir='ltr'>ego</span> <span class='ocrx_word' id='word_1_79' title='bbox 1029 1823 1211 1873; x_wconf 87' lang='lat' dir='ltr'>civium</span> 
     </span>
     <span class='ocr_line' id='line_1_19' title="bbox 320 1905 1127 1969; baseline 0.001 -16"><span class='ocrx_word' id='word_1_80' title='bbox 320 1915 502 1955; x_wconf 88' lang='lat' dir='ltr'>retorta</span> <span class='ocrx_word' id='word_1_81' title='bbox 535 1914 674 1969; x_wconf 89' lang='lat' dir='ltr'>tergo</span> <span class='ocrx_word' id='word_1_82' title='bbox 710 1905 937 1955; x_wconf 87' lang='lat' dir='ltr'>bracchia</span> <span class='ocrx_word' id='word_1_83' title='bbox 972 1905 1127 1955; x_wconf 90' lang='lat' dir='ltr'>libero</span> 
     </span>
    </p>

    <p class='ocr_par' dir='ltr' id='par_1_9' title="bbox 386 1988 1244 2051">
     <span class='ocr_line' id='line_1_20' title="bbox 386 1988 1244 2051; baseline 0 -15"><span class='ocrx_word' id='word_1_84' title='bbox 386 1998 651 2051; x_wconf 90' lang='lat' dir='ltr'>portasque</span> <span class='ocrx_word' id='word_1_85' title='bbox 685 2002 787 2036; x_wconf 91' lang='lat' dir='ltr'>non</span> <span class='ocrx_word' id='word_1_86' title='bbox 823 1988 1012 2035; x_wconf 88' lang='lat' dir='ltr'>clausas</span> <span class='ocrx_word' id='word_1_87' title='bbox 1047 1996 1096 2036; x_wconf 93' lang='lat' dir='ltr'>et</span> <span class='ocrx_word' id='word_1_88' title='bbox 1131 2003 1244 2036; x_wconf 89' lang='lat' dir='ltr'>arva</span> 
     </span>
    </p>

    <p class='ocr_par' dir='ltr' id='par_1_10' title="bbox 456 2068 1240 2132">
     <span class='ocr_line' id='line_1_21' title="bbox 456 2068 1240 2132; baseline -0.001 -15"><span class='ocrx_word' id='word_1_89' title='bbox 456 2069 619 2117; x_wconf 89' lang='lat' dir='ltr'>Marte</span> <span class='ocrx_word' id='word_1_90' title='bbox 654 2068 750 2118; x_wconf 94' lang='lat' dir='ltr'>coli</span> <span class='ocrx_word' id='word_1_91' title='bbox 786 2070 1022 2132; x_wconf 86' lang='lat' dir='ltr'>populata</span> <span class='ocrx_word' id='word_1_92' title='bbox 1058 2077 1240 2117; x_wconf 91' lang='lat' dir='ltr'>nostro.</span> 
     </span>
    </p>
   </div>
   <div class='ocr_carea' id='block_1_7' title="bbox 322 2210 1337 2515">
    <p class='ocr_par' dir='ltr' id='par_1_11' title="bbox 322 2210 1337 2515">
     <span class='ocr_line' id='line_1_22' title="bbox 322 2210 1124 2276; baseline -0.001 -14"><span class='ocrx_word' id='word_1_93' title='bbox 322 2228 443 2262; x_wconf 89' lang='lat' dir='ltr'>auro</span> <span class='ocrx_word' id='word_1_94' title='bbox 476 2228 713 2276; x_wconf 90' lang='lat' dir='ltr'>repensus</span> <span class='ocrx_word' id='word_1_95' title='bbox 749 2210 935 2262; x_wconf 89' lang='lat' dir='ltr'>scilicet</span> <span class='ocrx_word' id='word_1_96' title='bbox 969 2214 1124 2262; x_wconf 87' lang='lat' dir='ltr'>acrior</span> 
     </span>
     <span class='ocr_line' id='line_1_23' title="bbox 323 2292 1163 2358; baseline 0 -16"><span class='ocrx_word' id='word_1_97' title='bbox 323 2292 465 2342; x_wconf 90' lang='lat' dir='ltr'>miles</span> <span class='ocrx_word' id='word_1_98' title='bbox 499 2292 691 2342; x_wconf 85' lang='lat' dir='ltr'>redibit.</span> <span class='ocrx_word' id='word_1_99' title='bbox 763 2292 946 2358; x_wconf 88' lang='lat' dir='ltr'>flagitio</span> <span class='ocrx_word' id='word_1_100' title='bbox 982 2292 1163 2343; x_wconf 90' lang='lat' dir='ltr'>additis</span> 
     </span>
     <span class='ocr_line' id='line_1_24' title="bbox 391 2372 1337 2437; baseline 0.002 -15"><span class='ocrx_word' id='word_1_101' title='bbox 391 2375 660 2424; x_wconf 89' lang='lat' dir='ltr'>damnum:</span> <span class='ocrx_word' id='word_1_102' title='bbox 709 2390 869 2437; x_wconf 92' lang='lat' dir='ltr'>neque</span> <span class='ocrx_word' id='word_1_103' title='bbox 905 2372 1111 2424; x_wconf 87' lang='lat' dir='ltr'>amissos</span> <span class='ocrx_word' id='word_1_104' title='bbox 1147 2375 1337 2425; x_wconf 90' lang='lat' dir='ltr'>colores</span> 
     </span>
     <span class='ocr_line' id='line_1_25' title="bbox 458 2454 1193 2515; baseline 0 -11"><span class='ocrx_word' id='word_1_105' title='bbox 458 2455 572 2504; x_wconf 85' lang='lat' dir='ltr'>lana</span> <span class='ocrx_word' id='word_1_106' title='bbox 605 2455 747 2506; x_wconf 84' lang='lat' dir='ltr'>refert</span> <span class='ocrx_word' id='word_1_107' title='bbox 782 2454 1029 2504; x_wconf 89' lang='lat' dir='ltr'>medicata</span> <span class='ocrx_word' id='word_1_108' title='bbox 1063 2456 1193 2515; x_wconf 80' lang='lat' dir='ltr'>fuce,</span> 
     </span>
    </p>
   </div>
   <div class='ocr_carea' id='block_1_8' title="bbox 325 2598 1340 2906">
    <p class='ocr_par' dir='ltr' id='par_1_12' title="bbox 325 2598 1340 2906">
     <span class='ocr_line' id='line_1_26' title="bbox 325 2598 1340 2659; baseline 0.001 -11"><span class='ocrx_word' id='word_1_109' title='bbox 325 2613 419 2648; x_wconf 85' lang='lat' dir='ltr'>nec</span> <span class='ocrx_word' id='word_1_110' title='bbox 453 2614 567 2647; x_wconf 87' lang='lat' dir='ltr'>vera</span> <span class='ocrx_word' id='word_1_111' title='bbox 601 2598 767 2658; x_wconf 89' lang='lat' dir='ltr'>virtus,</span> <span class='ocrx_word' id='word_1_112' title='bbox 805 2598 922 2649; x_wconf 63' lang='lat' dir='ltr'>cum‘</span> <span class='ocrx_word' id='word_1_113' title='bbox 956 2602 1108 2649; x_wconf 90' lang='lat' dir='ltr'>semel</span> <span class='ocrx_word' id='word_1_114' title='bbox 1146 2598 1340 2659; x_wconf 88' lang='lat' dir='ltr'>excidit,</span> 
     </span>
     <span class='ocr_line' id='line_1_27' title="bbox 325 2679 1042 2743; baseline 0 -14"><span class='ocrx_word' id='word_1_115' title='bbox 325 2690 463 2729; x_wconf 83' lang='lat' dir='ltr'>curat</span> <span class='ocrx_word' id='word_1_116' title='bbox 497 2679 669 2743; x_wconf 90' lang='lat' dir='ltr'>reponi</span> <span class='ocrx_word' id='word_1_117' title='bbox 705 2680 1042 2731; x_wconf 87' lang='lat' dir='ltr'>deterioribus.</span> 
     </span>
     <span class='ocr_line' id='line_1_28' title="bbox 394 2761 1122 2823; baseline 0.003 -14"><span class='ocrx_word' id='word_1_118' title='bbox 394 2761 434 2809; x_wconf 87' lang='lat' dir='ltr'>si</span> <span class='ocrx_word' id='word_1_119' title='bbox 469 2770 654 2823; x_wconf 85' lang='lat' dir='ltr'>pugnat</span> <span class='ocrx_word' id='word_1_120' title='bbox 689 2763 921 2811; x_wconf 88' lang='lat' dir='ltr'>extricata</span> <span class='ocrx_word' id='word_1_121' title='bbox 956 2761 1122 2812; x_wconf 89' lang='lat' dir='ltr'>densis</span> 
     </span>
     <span class='ocr_line' id='line_1_29' title="bbox 460 2842 1238 2906; baseline 0.005 -16"><span class='ocrx_word' id='word_1_122' title='bbox 460 2857 604 2891; x_wconf 85' lang='lat' dir='ltr'>cerva</span> <span class='ocrx_word' id='word_1_123' title='bbox 638 2842 807 2906; x_wconf 78' lang='lat' dir='ltr'>plagiS,</span> <span class='ocrx_word' id='word_1_124' title='bbox 845 2843 934 2892; x_wconf 89' lang='lat' dir='ltr'>erit</span> <span class='ocrx_word' id='word_1_125' title='bbox 971 2843 1052 2893; x_wconf 90' lang='lat' dir='ltr'>ille</span> <span class='ocrx_word' id='word_1_126' title='bbox 1087 2843 1238 2905; x_wconf 78' lang='lat' dir='ltr'>fortiS,</span> 
     </span>
    </p>
   </div>
   <div class='ocr_carea' id='block_1_9' title="bbox 1671 737 1721 767">
    <p class='ocr_par' dir='ltr' id='par_1_13' title="bbox 1671 737 1721 767">
     <span class='ocr_line' id='line_1_30' title="bbox 1671 737 1721 767; baseline 0 0"><span class='ocrx_word' id='word_1_127' title='bbox 1671 737 1721 767; x_wconf 75' lang='lat'>10</span> 
     </span>
    </p>
   </div>
   <div class='ocr_carea' id='block_1_10' title="bbox 1673 1211 1719 1256">
    <p class='ocr_par' dir='ltr' id='par_1_14' title="bbox 1673 1211 1719 1256">
     <span class='ocr_line' id='line_1_31' title="bbox 1673 1211 1719 1256; baseline 0 0"><span class='ocrx_word' id='word_1_128' title='bbox 1673 1211 1719 1256; x_wconf 64' lang='lat'>13</span> 
     </span>
    </p>
   </div>
  </div>
 </body>
</html>
