1930 3060
670 136 784 177 LIB.
826 137 912 178 111.
953 126 1176 178 vii—ix,
1247 162 1251 167 -
1704 136 1767 192 75

360 256 505 306 servit
543 257 804 321 Hispanae
838 268 981 308 vetus
1016 258 1171 308 hostis
1207 275 1323 308 orae

359 340 614 390 Cantaber
648 356 755 388 sera
791 339 1011 389 domitus
1046 349 1237 390 catena.

359 421 459 469 iam
494 423 705 484 Scythae
740 423 854 471 laxo
890 421 1193 471 meditantur
1226 439 1343 471 arcu

494 505 673 553 cedere
706 504 911 568 campis.

358 655 639 718 neglegens„
677 670 843 718 nequa
876 656 1092 719 populus
1127 657 1331 716 laboret,
1718 674 1769 720 25

358 752 506 799 parce
540 736 759 800 privatus
794 736 1002 786 nimium
1040 754 1214 787 cavere
1249 748 1299 787 et

358 819 496 868 dona
529 819 799 881 praesentis
835 835 959 883 cape
994 821 1152 870 laetus
1187 821 1338 870 horae
1372 837 1434 871 ac

494 901 664 963 linque
700 918 879 951 severa.

888 1177 980 1226 IX.

294 1350 472 1399 Donec
506 1357 671 1413 gratus
707 1365 840 1398 eram
877 1347 968 1399 tibi

427 1447 522 1482 nec
554 1431 819 1495 quisquam
854 1430 1021 1495 potior
1054 1431 1286 1483 bracchia
1320 1433 1564 1484 candidae

292 1512 472 1563 cervici
507 1512 698 1563 iuvenis
734 1514 901 1573 dabat,

428 1598 687 1645 Persarum
724 1595 858 1660 vigui
892 1612 1008 1660 rege
1044 1596 1248 1647 beatior.

295 1679 486 1728 ‘donec
521 1694 624 1727 non
658 1677 755 1727 alia
789 1678 947 1742 magis
1750 1697 1774 1742 5

428 1760 590 1810 arsisti
626 1772 789 1823 neque
825 1770 930 1810 erat
966 1760 1126 1824 Lydia
1160 1771 1275 1826 post
1312 1764 1524 1826 Chloen,

293 1842 435 1892 multi
470 1844 630 1906 Lydia
665 1842 881 1892 nominis
1369 1835 1374 1839 ⁶

428 1926 662 1974 Romana
696 1924 827 1989 vigui
864 1924 1040 1974 clarior
1077 1925 1199 1975 11ia.’

293 2022 374 2056 me
409 2023 545 2056 nunc
578 2007 795 2056 Thressa
831 2007 991 2057 Chloe
1026 2007 1163 2071 regit,

427 2088 585 2139 dulcis
620 2090 771 2139 docta
807 2091 987 2139 modos
1024 2099 1072 2140 et
1108 2089 1324 2140 citharae
1359 2091 1534 2151 sciens,
1726 2110 1776 2140 10

291 2185 384 2235 pro
419 2187 516 2235 qua
550 2188 652 2221 non
690 2181 910 2220 metuam
946 2171 1088 2232 mori,

426 2252 470 2303 si
504 2263 708 2318 parcent
744 2253 940 2303 animae
974 2255 1074 2303 fata
1108 2253 1374 2319 superstiti.

297 2338 407 2386 ‘me
441 2344 592 2385 torret
628 2336 736 2385 face
774 2345 947 2385 mutua

427 2417 638 2467 Thurini
675 2416 838 2467 Calais
875 2417 1002 2466 filius
1039 2420 1231 2482 Ornyti,

294 2513 385 2561 pro
419 2515 520 2562 quo
555 2498 631 2548 bis
666 2498 827 2562 patiar
861 2499 999 2559 mori,
1725 2518 1773 2563 15

430 2578 470 2628 si
507 2588 712 2642 parcent
748 2595 903 2643 puero
939 2581 1039 2629 fata
1073 2579 1352 2644 superstiti!

177 2752 283 2789 ml·
321 2745 386 2788 26.
456 2748 566 2789 Pros.
608 2748 772 2789 Palmer
809 2762 1008 2804 proposes
1045 2755 1090 2791 to
1128 2750 1227 2791 read
1256 2756 1382 2804 parte
1418 2751 1482 2793 sor
1514 2758 1643 2806 parce
1680 2753 1767 2803 (i.e.

99 2811 303 2868 We
316 2829 458 2857 cavere
478 2830 529 2857 ne
546 2830 629 2870 qua
640 2823 766 2870 parte
775 2824 872 2872 pop.
895 2819 973 2859 lab.
983 2818 1011 2869 ).
1068 2819 1207 2860 There
1226 2819 1261 2861 is
1280 2833 1307 2861 a
1324 2821 1482 2863 certain
1506 2823 1774 2877 redundancy

101 2880 147 2925 h
161 2881 235 2927 the
248 2890 336 2928 text
354 2900 400 2928 as
419 2886 449 2928 it
470 2888 612 2928 stands
632 2888 716 2928 and
735 2889 935 2943 neglegere
951 2902 1003 2931 ne
1019 2889 1054 2930 is
1073 2897 1146 2931 not
1167 2891 1284 2932 usual
1306 2891 1443 2932 Latin.
