1930 3060
648 133 762 173 LIB.
803 133 837 172 1.
880 121 1291 173 xxvi—xxviii.

470 263 632 304 cessat
666 255 895 303 voluntas
913 255 936 302 Ρ
979 269 1084 303 non
1121 253 1215 302 alia
1250 253 1419 311 bibam

472 337 715 385 mercede.
789 351 917 398 quae
953 345 1002 384 te
1037 352 1253 399 cumque
1289 337 1463 385 domat
1498 337 1684 395 VenuS,

538 433 640 467 non
676 417 1028 467 erubescendis
1064 416 1227 466 adurit

606 498 804 563 ignibus
839 498 1156 562 ingenuoque
1193 514 1388 561 semper

471 652 639 685 amore
674 652 865 699 peccas.
938 635 1176 706 quicquid
1212 636 1378 696 habeS,
1417 652 1507 700 age

470 717 672 781 depone
706 718 824 766 tutis
859 717 1073 767 auribus.
1145 736 1175 767 a
1211 717 1369 776 miser,

538 808 725 861 quanta
759 800 1020 849 laborabas
1057 799 1323 863 Charybdi,

606 881 755 944 digne
790 897 915 943 puer
950 881 1152 931 meliore
1189 882 1422 930 flamma!

471 1036 600 1084 quae
636 1036 765 1083 saga,
803 1018 913 1083 quis
949 1028 998 1068 te
1035 1020 1223 1068 solvere
1259 1018 1510 1068 Thessalis

471 1118 644 1166 magus
679 1101 897 1160 venenis,
935 1100 1045 1164 quis
1080 1100 1259 1164 poterit
1295 1102 1455 1150 deus?

539 1183 619 1233 vix
653 1183 892 1247 illigatum
928 1193 977 1233 te
1013 1182 1216 1232 triformi

607 1267 824 1329 Pegasus
858 1264 1090 1330 expediet
1124 1265 1397 1316 Chimaera.

843 1476 1093 1524 XXVIII.

274 1614 350 1662 Te
384 1609 531 1661 maris
565 1619 615 1660 et
650 1620 806 1661 terrae
842 1628 1148 1675 numeroque
1184 1611 1394 1662 carentis
1430 1613 1646 1663 harenae

407 1709 686 1743 mensorem
722 1693 971 1753 cohibent,
1010 1695 1240 1759 Archyta,

273 1774 484 1839 pulveris
520 1773 679 1838 exigui
714 1791 869 1839 prope
904 1775 1019 1824 litus
1054 1793 1204 1840 parva
1241 1775 1490 1825 Matinum

406 1872 623 1918 munera,
661 1873 754 1905 nec
790 1857 1054 1921 quicquam
1093 1857 1181 1908 tibi
1218 1859 1421 1922 prodest

270 1938 427 1989 aerias
462 1925 731 2002 temptasse
766 1940 946 1989 domos
981 1939 1249 2003 animoque
1284 1941 1553 1990 rotundum

405 2019 697 2084 percurrisse
733 2022 905 2084 polum
941 2021 1188 2090 morituro.

271 2101 456 2153 occidit
489 2111 539 2152 et
575 2102 774 2166 Pelopis
808 2102 1014 2166 genitor,
1053 2103 1265 2175 conviva
1301 2105 1523 2165 deorum,

403 2183 751 2248 Tithonusque
786 2195 1005 2235 remotus
1042 2185 1091 2234 in
1127 2203 1269 2235 auras

270 2275 319 2317 et
357 2267 492 2316 Iovis
526 2267 716 2316 arcanis
755 2267 924 2317 Minos
959 2267 1218 2327 admissus,
1258 2269 1544 2333 habentque

403 2350 611 2398 Tartara
646 2348 959 2399 Panthoiden
994 2349 1170 2400 iterum
1208 2352 1342 2401 Orco

270 2430 554 2492 demissum,
593 2431 818 2494 quamvis
854 2431 1017 2495 clipeo
1052 2432 1269 2481 Troiana
1303 2435 1455 2482 refixo

404 2500 627 2576 tempora
664 2520 871 2563 testatus
908 2513 1029 2562 nihil
1066 2516 1191 2563 ultra

270 2609 447 2644 nervos
481 2604 631 2658 atque
667 2603 832 2644 cutem
870 2595 1014 2644 morti
1050 2607 1364 2647 concesserat
1399 2606 1547 2659 atrae,

406 2675 568 2726 iudice
605 2685 655 2726 te
690 2693 790 2726 non
830 2677 1060 2727 sordidus
1097 2689 1269 2728 auctor

269 2766 471 2808 naturae
507 2758 718 2822 verique.
793 2760 882 2809 sed
917 2761 1080 2810 omnis
1117 2778 1217 2811 una
1255 2771 1423 2812 manet
1460 2777 1559 2811 nox

404 2850 454 2889 et
489 2840 730 2890 calcanda
765 2843 919 2891 semel
956 2842 1035 2891 via
1071 2843 1168 2892 leti.

1746 133 1811 185 27

1765 435 1813 477 15

1762 901 1816 930 20

1768 2372 1818 2401 10
