1930 3060
699 116 937 158 HORATI
977 119 1320 161 CARMINUM

445 236 612 285 audiat
647 238 786 300 Lyde
820 241 981 288 scelus
1017 250 1166 304 atque
1202 251 1347 291 notas

445 317 686 382 virginum
721 336 913 382 poenas
948 330 998 370 et
1031 321 1180 372 inane
1215 323 1446 386 lymphae

447 399 636 448 dolium
672 401 845 450 fundo*
861 403 1112 465 pereuntis
1148 404 1263 464 imo,

579 497 784 544 seraque
819 484 932 543 fata,

444 649 570 695 quae
606 642 809 682 manent
845 636 1013 697 culpas
1049 635 1197 684 etiam
1234 638 1325 685 sub
1362 639 1508 688 Orco.

442 713 623 776 impiae
661 714 798 780 (nam
833 715 955 778 quid
990 726 1198 779 potuere
1233 718 1390 768 maius
1405 718 1462 785 P),

441 793 624 858 impiae
659 812 868 858 sponsos
903 807 1109 860 potuere
1144 801 1269 849 duro
1472 789 1476 793 ⁸

576 878 781 940 perdere
817 880 956 928 ferro.

442 1036 542 1069 una
575 1022 639 1070 de
675 1022 841 1071 multis
875 1025 982 1073 face
1017 1025 1224 1087 nuptiali

440 1101 590 1164 digna
623 1103 868 1165 periurum
905 1105 995 1154 fuit
1028 1105 1081 1154 in
1117 1117 1373 1169 parentem

443 1183 705 1245 splendide
740 1187 955 1235 mendax
990 1195 1039 1235 et
1075 1187 1126 1235 in
1162 1204 1311 1238 omne
1347 1187 1482 1253 virgo

576 1264 756 1314 nobilis
790 1282 980 1328 aevum,

443 1408 640 1471 ‘surge'
675 1426 803 1472 quae
838 1410 959 1458 dixit
994 1412 1157 1460 iuveni
1197 1412 1386 1472 marito,

441 1492 625 1553 ‘surge,
664 1506 739 1539 ne·
762 1492 939 1554 longus
977 1492 1064 1542 tibi
1100 1509 1320 1553 somnus,
1358 1497 1489 1545 unde

441 1585 543 1619 non
581 1571 737 1630 timeS‚
776 1573 950 1633 detur3
997 1591 1221 1624 socerum
1258 1585 1306 1625 et
1342 1578 1574 1626 scelestas

575 1654 688 1701 falle
724 1670 929 1714 sorores,

437 1821 577 1867 quae,
617 1808 750 1855 velut
785 1818 994 1856 nanctae
1032 1809 1210 1858 vitulos
1244 1811 1459 1871 leaenae,

438 1886 655 1949 singulos
691 1889 818 1936 eheu
855 1890 1100 1938 lacerant:
1147 1907 1240 1954 ego
1275 1891 1368 1940 illis

437 1967 631 2016 mollior
666 1985 758 2017 nec
794 1979 844 2018 te
879 1969 1048 2019 feriam
1085 1988 1248 2035 neque
1284 1972 1408 2022 intra

571 2051 783 2098 claustra
819 2053 1016 2101 tenebo.

434 2215 516 2247 me
550 2207 688 2261 pater
722 2200 880 2248 saevis
915 2210 1086 2250 oneret
1120 2203 1322 2261 cateniS,

434 2281 571 2342 quod
605 2280 710 2329 viro
744 2283 963 2330 clemens
998 2282 1177 2333 misero
1211 2283 1441 2347 peperci;

434 2378 516 2411 me
550 2364 628 2411 vel
663 2372 907 2412 extremos
944 2364 1271 2413 Numidarum
1307 2365 1358 2414 in
1392 2372 1533 2431 agros

568 2445 723 2493 classe
759 2446 952 2507 releget.

432 2585 462 2643 i,
500 2587 653 2648 pedes
691 2603 791 2649 quo
828 2596 876 2636 te
911 2588 1107 2650 rapiunt
1143 2598 1192 2637 et
1227 2606 1388 2648 aurae,

432 2669 553 2716 dum
589 2670 718 2717 favet
756 2685 855 2717 nox
891 2680 939 2718 et
976 2672 1160 2731 Venus,
1199 2671 1212 2718 i
1250 2673 1472 2720 secundo

432 2751 598 2799 omine
635 2761 684 2799 et
720 2751 871 2799 nostri
908 2767 1176 2800 memorem
1214 2755 1438 2816 sepulcro

566 2833 730 2895 scalpe
766 2834 1067 2895 querellam.’

1797 264 1846 306 25

1793 1210 1843 1252 35

1788 1681 1842 1718 40

1722 2224 1836 2277 ,45

1784 2692 1834 2735 50
