1930 3060
160 116 223 170 52

680 121 914 164 HORATI
953 124 1296 167 CARMINUM

917 333 1056 380 XIV.

424 474 565 521 Eheu
601 475 812 536 fugaces,
852 477 1102 535 Postume,
1143 479 1395 539 Postume,

420 555 649 603 labuntur
683 555 800 603 anni
835 572 930 605 nec
965 556 1123 619 pietas
1160 573 1348 607 moram

488 635 616 698 rugis
652 647 700 685 et
736 637 938 686 instanti
974 648 1204 687 senectae

554 719 721 766 afferet
756 718 1128 782 indomitaeque
1164 721 1309 770 morti
1325 739 1340 782 ς

418 843 535 886 non,
574 828 613 877 si
649 829 872 889 treceniS‚
908 839 1155 892 quotquot
1190 840 1311 880 eunt
1347 832 1468 892 dies,

419 909 592 968 amice,
630 912 796 973 places
832 911 1218 961 illacrimabilem

486 993 699 1040 Plutona
733 992 896 1052 tauris,
935 993 1020 1056 qui
1056 1003 1127 1043 ter
1161 996 1385 1065 ampium
1416 1022 1420 1024 ·
1446 996 1457 1034 ἶ
1527 1031 1530 1038 -

553 1074 817 1136 Geryonen
853 1063 1137 1138 Tityonque
1173 1075 1295 1124 tristi

417 1183 690 1244 compescit
726 1184 873 1244 unda,
913 1183 1100 1233 scilicet
1135 1186 1382 1246 omnibus,

416 1264 718 1327 quicumque
754 1274 909 1315 terrae
945 1281 1150 1315 munere
1183 1266 1439 1327 vescimur,

483 1346 803 1410 enaviganda,
841 1334 945 1396 sive*
976 1363 1114 1410 reges

550 1427 651 1476 sive
685 1427 859 1490 inopes
895 1427 1076 1477 erimus
1111 1430 1290 1479 coloni.

414 1538 591 1586 frustra
625 1547 830 1587 cruento
868 1540 1031 1588 Marte
1065 1540 1342 1590 carebimus

414 1619 679 1682 fractisque
715 1619 848 1668 rauci
884 1618 1115 1668 fluctibus
1153 1620 1391 1683 Hadriae,

480 1703 655 1750 frustra
689 1718 778 1764 per
811 1710 1076 1750 autumnos
1112 1711 1378 1753 nocentem

548 1782 836 1846 corporibus
872 1791 1151 1832 metuemus
1186 1785 1434 1834 Austrum.

413 1892 646 1942 visendus
680 1903 784 1942 ater
818 1892 1021 1941 flumine
1055 1892 1292 1956 languido

415 1975 633 2037 Cocytos
669 1989 833 2022 errans
868 1982 918 2021 et
956 1972 1119 2022 Danai
1152 1989 1307 2037 genus

479 2055 663 2104 infame
698 2056 1060 2117 damnatusque
1094 2052 1229 2117 longi

547 2137 783 2201 Sisyphus
819 2135 1056 2185 Aeolides
1091 2135 1287 2187 laboris.
1359 2202 1366 2220 ι

306 2250 309 2261 ¹
362 2228 369 2246 ²
414 2246 684 2309 linquenda
718 2247 862 2295 tellus
898 2256 947 2295 et
982 2246 1162 2295 domus
1197 2254 1248 2295 et
1282 2223 1485 2310 placens

413 2344 546 2388 uxor,
585 2343 747 2390 neque
783 2329 971 2389 harum,
1012 2343 1133 2390 quas
1168 2327 1304 2387 colis,
1343 2330 1572 2378 arborum

260 2418 311 2487 ᾗ
479 2419 527 2457 te
563 2418 755 2472 praeter
789 2408 969 2458 invisas
1004 2424 1263 2471 cupressos

546 2491 645 2538 ulla
678 2492 877 2539 brevem
913 2489 1174 2539 dominum
1215 2500 1458 2553 sequetur.

411 2556 638 2649 absumet
673 2601 816 2649 heres
851 2602 1085 2651 Caecuba
1120 2599 1312 2663 dignior

412 2691 602 2731 servata
636 2691 837 2730 centum
873 2681 1093 2730 clavibus
1127 2691 1177 2731 et
1211 2698 1348 2732 mero

478 2761 669 2825 tinguet
704 2762 1042 2826 pavimentum
1078 2765 1306 2826 superbo,

547 2844 837 2906 pontificum
874 2844 1066 2907 potiore
1101 2844 1248 2894 cenis.

1772 1289 1820 1319 10

1770 1724 1815 1768 ι5

1763 2158 1816 2188 20

1759 2619 1811 2663 25
