<?xml version="1.0" encoding="UTF-8"?>
<!DOCTYPE html PUBLIC "-//W3C//DTD XHTML 1.0 Transitional//EN"
    "http://www.w3.org/TR/xhtml1/DTD/xhtml1-transitional.dtd">
<html xmlns="http://www.w3.org/1999/xhtml" xml:lang="en" lang="en">
 <head>
  <title>
</title>
<meta http-equiv="Content-Type" content="text/html;charset=utf-8" />
  <meta name='ocr-system' content='tesseract 3.04.00' />
  <meta name='ocr-capabilities' content='ocr_page ocr_carea ocr_par ocr_line ocrx_word'/>
</head>
<body>
  <div class='ocr_page' id='page_1' title='image "./carminaliberepod00horauoft_0073.png"; bbox 0 0 1930 3060; ppageno 0'>
   <div class='ocr_carea' id='block_1_1' title="bbox 610 107 1263 162">
    <p class='ocr_par' dir='ltr' id='par_1_1' title="bbox 610 107 1263 162">
     <span class='ocr_line' id='line_1_1' title="bbox 610 107 1263 162; baseline -0.006 -1"><span class='ocrx_word' id='word_1_1' title='bbox 610 121 724 162; x_wconf 90' lang='lat' dir='ltr'>LIB.</span> <span class='ocrx_word' id='word_1_2' title='bbox 769 120 804 161; x_wconf 90' lang='grc' dir='ltr'><strong>Ι.</strong></span> <span class='ocrx_word' id='word_1_3' title='bbox 845 107 1263 159; x_wconf 85' lang='lat' dir='ltr'><strong>xxviii—xxxi.</strong></span> 
     </span>
    </p>
   </div>
   <div class='ocr_carea' id='block_1_2' title="bbox 373 241 1332 542">
    <p class='ocr_par' dir='ltr' id='par_1_2' title="bbox 373 241 1332 542">
     <span class='ocr_line' id='line_1_2' title="bbox 374 241 1255 309; baseline -0.012 -11"><span class='ocrx_word' id='word_1_4' title='bbox 374 249 552 298; x_wconf 86' lang='lat' dir='ltr'><strong>doctus</strong></span> <span class='ocrx_word' id='word_1_5' title='bbox 588 246 791 309; x_wconf 86' lang='lat' dir='ltr'>sagittas</span> <span class='ocrx_word' id='word_1_6' title='bbox 826 243 1029 292; x_wconf 90' lang='lat' dir='ltr'><strong>tendere</strong></span> <span class='ocrx_word' id='word_1_7' title='bbox 1066 241 1255 291; x_wconf 91' lang='lat' dir='ltr'><strong>Sericas</strong></span> 
     </span>
     <span class='ocr_line' id='line_1_3' title="bbox 373 320 1313 391; baseline -0.011 -12"><span class='ocrx_word' id='word_1_8' title='bbox 373 345 491 380; x_wconf 89' lang='lat' dir='ltr'><strong>arcu</strong></span> <span class='ocrx_word' id='word_1_9' title='bbox 524 329 771 391; x_wconf 86' lang='lat' dir='ltr'><strong>patemo?</strong></span> <span class='ocrx_word' id='word_1_10' title='bbox 817 323 928 387; x_wconf 90' lang='lat' dir='ltr'><strong>quis</strong></span> <span class='ocrx_word' id='word_1_11' title='bbox 965 332 1111 387; x_wconf 86' lang='lat' dir='ltr'><strong>neget</strong></span> <span class='ocrx_word' id='word_1_12' title='bbox 1146 320 1313 371; x_wconf 88' lang='lat' dir='ltr'>arduis</span> 
     </span>
     <span class='ocr_line' id='line_1_4' title="bbox 442 403 1165 474; baseline -0.008 -16"><span class='ocrx_word' id='word_1_13' title='bbox 442 424 627 474; x_wconf 91' lang='lat' dir='ltr'><strong>pronos</strong></span> <span class='ocrx_word' id='word_1_14' title='bbox 662 407 814 457; x_wconf 91' lang='lat' dir='ltr'><strong>relabi</strong></span> <span class='ocrx_word' id='word_1_15' title='bbox 849 421 998 470; x_wconf 89' lang='lat' dir='ltr'><strong>posse</strong></span> <span class='ocrx_word' id='word_1_16' title='bbox 1032 403 1165 453; x_wconf 88' lang='lat' dir='ltr'><strong>rivos</strong></span> 
     </span>
     <span class='ocr_line' id='line_1_5' title="bbox 509 482 1332 542; baseline -0.011 -3"><span class='ocrx_word' id='word_1_17' title='bbox 509 488 764 539; x_wconf 90' lang='lat' dir='ltr'><strong>montibus</strong></span> <span class='ocrx_word' id='word_1_18' title='bbox 799 497 851 537; x_wconf 90' lang='lat' dir='ltr'><strong>et</strong></span> <span class='ocrx_word' id='word_1_19' title='bbox 884 485 1108 536; x_wconf 87' lang='lat' dir='ltr'>Tiberim</span> <span class='ocrx_word' id='word_1_20' title='bbox 1142 482 1332 542; x_wconf 87' lang='lat' dir='ltr'><strong>reverti,</strong></span> 
     </span>
    </p>
   </div>
   <div class='ocr_carea' id='block_1_3' title="bbox 376 621 1451 939">
    <p class='ocr_par' dir='ltr' id='par_1_3' title="bbox 376 621 1451 939">
     <span class='ocr_line' id='line_1_6' title="bbox 376 621 1356 692; baseline -0.01 -12"><span class='ocrx_word' id='word_1_21' title='bbox 376 647 491 680; x_wconf 90' lang='lat' dir='ltr'><strong>cum</strong></span> <span class='ocrx_word' id='word_1_22' title='bbox 527 639 582 679; x_wconf 91' lang='lat' dir='ltr'><strong>tu</strong></span> <span class='ocrx_word' id='word_1_23' title='bbox 618 636 878 692; x_wconf 88' lang='lat' dir='ltr'><strong>coemptos</strong></span> <span class='ocrx_word' id='word_1_24' title='bbox 914 625 1138 688; x_wconf 89' lang='lat' dir='ltr'><strong>undique</strong></span> <span class='ocrx_word' id='word_1_25' title='bbox 1173 621 1356 672; x_wconf 91' lang='lat' dir='ltr'><strong>nobilis</strong></span> 
     </span>
     <span class='ocr_line' id='line_1_7' title="bbox 376 706 1451 770; baseline -0.008 -10"><span class='ocrx_word' id='word_1_26' title='bbox 376 711 527 762; x_wconf 92' lang='lat' dir='ltr'><strong>libros</strong></span> <span class='ocrx_word' id='word_1_27' title='bbox 563 710 783 770; x_wconf 90' lang='lat' dir='ltr'><strong>Panaeti,</strong></span> <span class='ocrx_word' id='word_1_28' title='bbox 821 707 1124 758; x_wconf 86' lang='lat' dir='ltr'><strong>Socraticam</strong></span> <span class='ocrx_word' id='word_1_29' title='bbox 1160 715 1209 755; x_wconf 90' lang='lat' dir='ltr'><strong>et</strong></span> <span class='ocrx_word' id='word_1_30' title='bbox 1243 706 1451 754; x_wconf 90' lang='lat' dir='ltr'><strong>domum</strong></span> 
     </span>
     <span class='ocr_line' id='line_1_8' title="bbox 446 788 1096 848; baseline -0.008 -6"><span class='ocrx_word' id='word_1_31' title='bbox 446 802 637 842; x_wconf 87' lang='lat' dir='ltr'><strong>mutare</strong></span> <span class='ocrx_word' id='word_1_32' title='bbox 673 791 838 842; x_wconf 87' lang='lat' dir='ltr'><strong>loricis</strong></span> <span class='ocrx_word' id='word_1_33' title='bbox 876 788 1096 848; x_wconf 88' lang='lat' dir='ltr'><strong>Hiberis,</strong></span> 
     </span>
     <span class='ocr_line' id='line_1_9' title="bbox 514 868 1254 939; baseline -0.008 -14"><span class='ocrx_word' id='word_1_34' title='bbox 514 874 763 939; x_wconf 87' lang='lat' dir='ltr'><strong>pollicitus</strong></span> <span class='ocrx_word' id='word_1_35' title='bbox 798 871 1017 931; x_wconf 86' lang='lat' dir='ltr'><strong>meliora,</strong></span> <span class='ocrx_word' id='word_1_36' title='bbox 1054 868 1254 919; x_wconf 85' lang='lat' dir='ltr'><strong>tendis?</strong></span> 
     </span>
    </p>
   </div>
   <div class='ocr_carea' id='block_1_4' title="bbox 866 1085 1028 1134">
    <p class='ocr_par' dir='ltr' id='par_1_4' title="bbox 866 1085 1028 1134">
     <span class='ocr_line' id='line_1_10' title="bbox 866 1085 1028 1134; baseline -0.012 0"><span class='ocrx_word' id='word_1_37' title='bbox 866 1085 1028 1134; x_wconf 90' lang='lat' dir='ltr'>XXX.</span> 
     </span>
    </p>
   </div>
   <div class='ocr_carea' id='block_1_5' title="bbox 384 1220 1415 1519">
    <p class='ocr_par' dir='ltr' id='par_1_5' title="bbox 384 1220 1338 1288">
     <span class='ocr_line' id='line_1_11' title="bbox 384 1220 1338 1288; baseline -0.012 -10"><span class='ocrx_word' id='word_1_38' title='bbox 384 1227 432 1278; x_wconf 93' lang='grc' dir='ltr'>Ο</span> <span class='ocrx_word' id='word_1_39' title='bbox 466 1226 640 1275; x_wconf 89' lang='lat' dir='ltr'><strong>Venus</strong></span> <span class='ocrx_word' id='word_1_40' title='bbox 674 1222 843 1288; x_wconf 88' lang='lat' dir='ltr'><strong>regina</strong></span> <span class='ocrx_word' id='word_1_41' title='bbox 878 1220 1030 1274; x_wconf 89' lang='lat' dir='ltr'><strong>Cnidi</strong></span> <span class='ocrx_word' id='word_1_42' title='bbox 1066 1220 1338 1284; x_wconf 88' lang='lat' dir='ltr'><strong>Paphique,</strong></span> 
     </span>
    </p>

    <p class='ocr_par' dir='ltr' id='par_1_6' title="bbox 386 1300 1415 1372">
     <span class='ocr_line' id='line_1_12' title="bbox 386 1300 1415 1372; baseline -0.008 -14"><span class='ocrx_word' id='word_1_43' title='bbox 386 1323 565 1372; x_wconf 85' lang='lat' dir='ltr'><strong>sperne</strong></span> <span class='ocrx_word' id='word_1_44' title='bbox 600 1306 832 1356; x_wconf 88' lang='lat' dir='ltr'><strong>dilectam</strong></span> <span class='ocrx_word' id='word_1_45' title='bbox 868 1305 1070 1368; x_wconf 91' lang='lat' dir='ltr'><strong>Cypron</strong></span> <span class='ocrx_word' id='word_1_46' title='bbox 1106 1311 1156 1352; x_wconf 90' lang='lat' dir='ltr'><strong>et</strong></span> <span class='ocrx_word' id='word_1_47' title='bbox 1190 1300 1415 1351; x_wconf 89' lang='lat' dir='ltr'><strong>vocantis</strong></span> 
     </span>
    </p>

    <p class='ocr_par' dir='ltr' id='par_1_7' title="bbox 387 1386 1320 1519">
     <span class='ocr_line' id='line_1_13' title="bbox 387 1386 1320 1450; baseline -0.008 -12"><span class='ocrx_word' id='word_1_48' title='bbox 387 1399 495 1438; x_wconf 89' lang='lat' dir='ltr'><strong>ture</strong></span> <span class='ocrx_word' id='word_1_49' title='bbox 530 1398 579 1437; x_wconf 91' lang='lat' dir='ltr'><strong>te</strong></span> <span class='ocrx_word' id='word_1_50' title='bbox 613 1389 773 1437; x_wconf 91' lang='lat' dir='ltr'><strong>multo</strong></span> <span class='ocrx_word' id='word_1_51' title='bbox 808 1387 1050 1450; x_wconf 88' lang='lat' dir='ltr'><strong>Glycerae</strong></span> <span class='ocrx_word' id='word_1_52' title='bbox 1086 1386 1320 1434; x_wconf 90' lang='lat' dir='ltr'><strong>decoram</strong></span> 
     </span>
     <span class='ocr_line' id='line_1_14' title="bbox 523 1468 1042 1519; baseline -0.006 0"><span class='ocrx_word' id='word_1_53' title='bbox 523 1470 731 1519; x_wconf 87' lang='lat' dir='ltr'><strong>transfer</strong></span> <span class='ocrx_word' id='word_1_54' title='bbox 764 1470 817 1517; x_wconf 90' lang='lat' dir='ltr'><strong>in</strong></span> <span class='ocrx_word' id='word_1_55' title='bbox 852 1468 1042 1517; x_wconf 89' lang='lat' dir='ltr'><strong>aedem.</strong></span> 
     </span>
    </p>
   </div>
   <div class='ocr_carea' id='block_1_6' title="bbox 390 1609 1467 1918">
    <p class='ocr_par' dir='ltr' id='par_1_8' title="bbox 390 1609 1256 1673">
     <span class='ocr_line' id='line_1_15' title="bbox 390 1609 1256 1673; baseline -0.003 -14"><span class='ocrx_word' id='word_1_56' title='bbox 390 1609 604 1659; x_wconf 84' lang='lat' dir='ltr'><strong>fervidus</strong></span> <span class='ocrx_word' id='word_1_57' title='bbox 638 1619 803 1659; x_wconf 89' lang='lat' dir='ltr'><strong>tecum</strong></span> <span class='ocrx_word' id='word_1_58' title='bbox 840 1625 963 1673; x_wconf 89' lang='lat' dir='ltr'><strong>puer</strong></span> <span class='ocrx_word' id='word_1_59' title='bbox 996 1618 1047 1658; x_wconf 91' lang='lat' dir='ltr'><strong>et</strong></span> <span class='ocrx_word' id='word_1_60' title='bbox 1082 1609 1256 1658; x_wconf 91' lang='lat' dir='ltr'><strong>solutis</strong></span> 
     </span>
    </p>

    <p class='ocr_par' dir='ltr' id='par_1_9' title="bbox 392 1689 1467 1755">
     <span class='ocr_line' id='line_1_16' title="bbox 392 1689 1467 1755; baseline -0.003 -14"><span class='ocrx_word' id='word_1_61' title='bbox 392 1691 592 1741; x_wconf 88' lang='lat' dir='ltr'><strong>Gratiae</strong></span> <span class='ocrx_word' id='word_1_62' title='bbox 626 1691 763 1741; x_wconf 88' lang='lat' dir='ltr'><strong>zonis</strong></span> <span class='ocrx_word' id='word_1_63' title='bbox 798 1699 1167 1755; x_wconf 88' lang='lat' dir='ltr'><strong>properentque</strong></span> <span class='ocrx_word' id='word_1_64' title='bbox 1202 1689 1467 1753; x_wconf 87' lang='lat' dir='ltr'><strong>Nymphae</strong></span> 
     </span>
    </p>

    <p class='ocr_par' dir='ltr' id='par_1_10' title="bbox 393 1772 1346 1918">
     <span class='ocr_line' id='line_1_17' title="bbox 393 1772 1346 1838; baseline -0.004 -14"><span class='ocrx_word' id='word_1_65' title='bbox 393 1784 443 1824; x_wconf 88' lang='lat' dir='ltr'><strong>et</strong></span> <span class='ocrx_word' id='word_1_66' title='bbox 476 1789 650 1838; x_wconf 89' lang='lat' dir='ltr'><strong>parum</strong></span> <span class='ocrx_word' id='word_1_67' title='bbox 685 1772 842 1822; x_wconf 91' lang='lat' dir='ltr'><strong>comis</strong></span> <span class='ocrx_word' id='word_1_68' title='bbox 880 1772 986 1821; x_wconf 86' lang='lat' dir='ltr'><strong>sine</strong></span> <span class='ocrx_word' id='word_1_69' title='bbox 1021 1781 1071 1821; x_wconf 92' lang='lat' dir='ltr'><strong>te</strong></span> <span class='ocrx_word' id='word_1_70' title='bbox 1108 1774 1346 1821; x_wconf 89' lang='lat' dir='ltr'><strong>Iuventas</strong></span> 
     </span>
     <span class='ocr_line' id='line_1_18' title="bbox 525 1853 911 1918; baseline -0.003 -14"><span class='ocrx_word' id='word_1_71' title='bbox 525 1853 911 1918; x_wconf 89' lang='lat' dir='ltr'><strong>Mercuriusque.</strong></span> 
     </span>
    </p>
   </div>
   <div class='ocr_carea' id='block_1_7' title="bbox 862 2065 1052 2115">
    <p class='ocr_par' dir='ltr' id='par_1_11' title="bbox 862 2065 1052 2115">
     <span class='ocr_line' id='line_1_19' title="bbox 862 2065 1052 2115; baseline 0.016 -3"><span class='ocrx_word' id='word_1_72' title='bbox 862 2065 1052 2115; x_wconf 90' lang='lat' dir='ltr'>XXXI.</span> 
     </span>
    </p>
   </div>
   <div class='ocr_carea' id='block_1_8' title="bbox 388 2199 1402 2511">
    <p class='ocr_par' dir='ltr' id='par_1_12' title="bbox 388 2199 1402 2511">
     <span class='ocr_line' id='line_1_20' title="bbox 390 2199 1370 2266; baseline -0.001 -15"><span class='ocrx_word' id='word_1_73' title='bbox 390 2199 527 2264; x_wconf 88' lang='lat' dir='ltr'><strong>Quid</strong></span> <span class='ocrx_word' id='word_1_74' title='bbox 562 2201 849 2251; x_wconf 87' lang='lat' dir='ltr'><strong>dedicatum</strong></span> <span class='ocrx_word' id='word_1_75' title='bbox 886 2203 1047 2266; x_wconf 92' lang='lat' dir='ltr'><strong>poscit</strong></span> <span class='ocrx_word' id='word_1_76' title='bbox 1083 2201 1370 2266; x_wconf 90' lang='lat' dir='ltr'><strong>Apollinem</strong></span> 
     </span>
     <span class='ocr_line' id='line_1_21' title="bbox 388 2284 1402 2347; baseline -0.001 -15"><span class='ocrx_word' id='word_1_77' title='bbox 388 2285 562 2333; x_wconf 83' lang='lat' dir='ltr'><strong>vates?</strong></span> <span class='ocrx_word' id='word_1_78' title='bbox 609 2284 730 2347; x_wconf 92' lang='lat' dir='ltr'><strong>quid</strong></span> <span class='ocrx_word' id='word_1_79' title='bbox 765 2293 872 2333; x_wconf 91' lang='lat' dir='ltr'><strong>orat</strong></span> <span class='ocrx_word' id='word_1_80' title='bbox 907 2284 970 2333; x_wconf 93' lang='lat' dir='ltr'><strong>de</strong></span> <span class='ocrx_word' id='word_1_81' title='bbox 1006 2293 1178 2347; x_wconf 88' lang='lat' dir='ltr'><strong>patera</strong></span> <span class='ocrx_word' id='word_1_82' title='bbox 1213 2299 1402 2332; x_wconf 91' lang='lat' dir='ltr'><strong>novum</strong></span> 
     </span>
     <span class='ocr_line' id='line_1_22' title="bbox 454 2364 1367 2429; baseline -0.001 -15"><span class='ocrx_word' id='word_1_83' title='bbox 454 2365 671 2415; x_wconf 79' lang='lat' dir='ltr'><strong>fundens</strong></span> <span class='ocrx_word' id='word_1_84' title='bbox 705 2364 983 2429; x_wconf 83' lang='lat' dir='ltr'><strong>liquorem?</strong></span> <span class='ocrx_word' id='word_1_85' title='bbox 1030 2381 1132 2415; x_wconf 90' lang='lat' dir='ltr'><strong>non</strong></span> <span class='ocrx_word' id='word_1_86' title='bbox 1167 2364 1367 2428; x_wconf 90' lang='lat' dir='ltr'><strong>opimae</strong></span> 
     </span>
     <span class='ocr_line' id='line_1_23' title="bbox 523 2445 1234 2511; baseline -0.001 -15"><span class='ocrx_word' id='word_1_87' title='bbox 523 2445 776 2496; x_wconf 90' lang='lat' dir='ltr'><strong>Sardiniae</strong></span> <span class='ocrx_word' id='word_1_88' title='bbox 811 2456 1001 2511; x_wconf 89' lang='lat' dir='ltr'><strong>segetes</strong></span> <span class='ocrx_word' id='word_1_89' title='bbox 1036 2448 1234 2507; x_wconf 77' lang='lat' dir='ltr'><strong>feraceS,</strong></span> 
     </span>
    </p>
   </div>
   <div class='ocr_carea' id='block_1_9' title="bbox 389 2592 1254 2655">
    <p class='ocr_par' dir='ltr' id='par_1_13' title="bbox 389 2592 1254 2655">
     <span class='ocr_line' id='line_1_24' title="bbox 389 2592 1254 2655; baseline 0.001 -14"><span class='ocrx_word' id='word_1_90' title='bbox 389 2606 492 2641; x_wconf 88' lang='lat' dir='ltr'><strong>non</strong></span> <span class='ocrx_word' id='word_1_91' title='bbox 528 2600 788 2641; x_wconf 86' lang='lat' dir='ltr'><strong>aestuosae</strong></span> <span class='ocrx_word' id='word_1_92' title='bbox 823 2601 958 2655; x_wconf 88' lang='lat' dir='ltr'><strong>grata</strong></span> <span class='ocrx_word' id='word_1_93' title='bbox 995 2592 1254 2642; x_wconf 87' lang='lat' dir='ltr'><strong>Calabriae</strong></span> 
     </span>
    </p>
   </div>
   <div class='ocr_carea' id='block_1_10' title="bbox 389 2673 1541 2734">
    <p class='ocr_par' dir='ltr' id='par_1_14' title="bbox 389 2673 1541 2734">
     <span class='ocr_line' id='line_1_25' title="bbox 389 2673 1541 2734; baseline 0.001 -13"><span class='ocrx_word' id='word_1_94' title='bbox 389 2683 623 2732; x_wconf 84' lang='lat' dir='ltr'><strong>armenta,</strong></span> <span class='ocrx_word' id='word_1_95' title='bbox 663 2689 765 2722; x_wconf 89' lang='lat' dir='ltr'><strong>non</strong></span> <span class='ocrx_word' id='word_1_96' title='bbox 801 2690 973 2722; x_wconf 89' lang='lat' dir='ltr'><strong>aurum</strong></span> <span class='ocrx_word' id='word_1_97' title='bbox 1009 2683 1094 2723; x_wconf 90' lang='lat' dir='ltr'><strong>aut</strong></span> <span class='ocrx_word' id='word_1_98' title='bbox 1131 2676 1254 2724; x_wconf 91' lang='lat' dir='ltr'><strong>ebur</strong></span> <span class='ocrx_word' id='word_1_99' title='bbox 1294 2673 1541 2734; x_wconf 89' lang='lat' dir='ltr'><strong>Indicum,</strong></span> 
     </span>
    </p>
   </div>
   <div class='ocr_carea' id='block_1_11' title="bbox 460 2755 1399 2901">
    <p class='ocr_par' dir='ltr' id='par_1_15' title="bbox 460 2755 1399 2901">
     <span class='ocr_line' id='line_1_26' title="bbox 460 2755 1256 2819; baseline 0.003 -17"><span class='ocrx_word' id='word_1_100' title='bbox 460 2770 562 2803; x_wconf 89' lang='lat' dir='ltr'><strong>non</strong></span> <span class='ocrx_word' id='word_1_101' title='bbox 598 2771 723 2816; x_wconf 81' lang='lat' dir='ltr'><strong>rura,</strong></span> <span class='ocrx_word' id='word_1_102' title='bbox 761 2771 888 2819; x_wconf 88' lang='lat' dir='ltr'><strong>quae</strong></span> <span class='ocrx_word' id='word_1_103' title='bbox 925 2755 1050 2804; x_wconf 89' lang='lat' dir='ltr'><strong>Liris</strong></span> <span class='ocrx_word' id='word_1_104' title='bbox 1087 2755 1256 2819; x_wconf 88' lang='lat' dir='ltr'><strong>quieta</strong></span> 
     </span>
     <span class='ocr_line' id='line_1_27' title="bbox 527 2836 1399 2901; baseline 0.001 -16"><span class='ocrx_word' id='word_1_105' title='bbox 527 2838 722 2886; x_wconf 91' lang='lat' dir='ltr'><strong>mordet</strong></span> <span class='ocrx_word' id='word_1_106' title='bbox 756 2854 883 2901; x_wconf 90' lang='lat' dir='ltr'><strong>aqua</strong></span> <span class='ocrx_word' id='word_1_107' title='bbox 920 2837 1188 2887; x_wconf 89' lang='lat' dir='ltr'><strong>taciturnus</strong></span> <span class='ocrx_word' id='word_1_108' title='bbox 1225 2836 1399 2886; x_wconf 87' lang='lat' dir='ltr'><strong>amnis.</strong></span> 
     </span>
    </p>
   </div>
   <div class='ocr_carea' id='block_1_12' title="bbox 1714 116 1782 169">
    <p class='ocr_par' dir='ltr' id='par_1_16' title="bbox 1714 116 1782 169">
     <span class='ocr_line' id='line_1_28' title="bbox 1714 116 1782 169; baseline 0 0"><span class='ocrx_word' id='word_1_109' title='bbox 1714 116 1782 169; x_wconf 88' lang='lat'><strong>29</strong></span> 
     </span>
    </p>
   </div>
   <div class='ocr_carea' id='block_1_13' title="bbox 1738 336 1787 365">
    <p class='ocr_par' dir='ltr' id='par_1_17' title="bbox 1738 336 1787 365">
     <span class='ocr_line' id='line_1_29' title="bbox 1738 336 1787 365; baseline -0.02 0"><span class='ocrx_word' id='word_1_110' title='bbox 1738 336 1787 365; x_wconf 90' lang='lat'><strong>10</strong></span> 
     </span>
    </p>
   </div>
   <div class='ocr_carea' id='block_1_14' title="bbox 1741 801 1788 845">
    <p class='ocr_par' dir='ltr' id='par_1_18' title="bbox 1741 801 1788 845">
     <span class='ocr_line' id='line_1_30' title="bbox 1741 801 1788 845; baseline 0 0"><span class='ocrx_word' id='word_1_111' title='bbox 1741 801 1788 845; x_wconf 87' lang='lat'><strong>15</strong></span> 
     </span>
    </p>
   </div>
  </div>
 </body>
</html>
