1930 3060
185 110 203 147 1
222 110 285 146 10
681 106 918 147 HORATI
958 107 1302 148 CARMINUM

375 225 466 275 rite
503 227 726 275 Latonae
760 242 970 289 puerum
1006 238 1255 287 canentes,

375 307 465 355 rite
501 316 822 379 crescentemx
840 309 947 356 face
983 307 1312 366 Noctilucam,

375 405 660 452 prosperam
696 389 890 452 frugum
925 390 1235 450 celeremque
1270 405 1454 452 pronos

512 472 707 520 volvere
742 486 948 519 menses.
1785 493 1840 532 40

378 614 533 667 nupta
567 604 665 652 iam
702 604 867 652 dices:
919 609 1037 667 ‘ego
1073 604 1149 653 dis
1185 604 1414 666 amicum,

377 687 575 734 saeculo
609 686 758 734 festas
794 687 1035 734 referente
1070 687 1218 744 luces,

377 764 570 814 reddidi
604 781 801 812 carmen
838 764 1012 813 docilis
1049 766 1310 815 modorum

510 846 633 894 vatis
672 845 881 894 Horati.'

948 1106 1067 1153 VII.

314 1272 563 1336 Diffugere
597 1271 748 1329 nives,
786 1272 992 1319 redeunt
1028 1270 1124 1319 iam
1160 1269 1380 1335 gramina
1413 1271 1600 1336 campis

444 1352 798 1415 arboribusque
833 1369 1005 1401 comae
1022 1370 1036 1412 ;

311 1444 467 1484 mutat
503 1445 630 1484 terra
663 1434 795 1483 vices
830 1443 880 1483 et
916 1433 1253 1484 decrescentia
1287 1437 1416 1498 ripas

446 1514 647 1563 flumina
683 1524 994 1582 praetereunt
1011 1533 1025 1575 3

311 1596 481 1645 Gratia
515 1613 628 1644 cum
666 1593 912 1657 Nymphis
945 1594 1254 1658 geminisque
1290 1596 1538 1644 sororibus
1573 1596 1722 1644 audet
1816 1614 1837 1657 5

444 1679 624 1727 ducere
660 1678 794 1725 nuda
829 1678 1020 1725 choros.

312 1757 605 1808 immortalia
639 1775 703 1806 ne
739 1774 916 1820 speres,
955 1767 1125 1807 monet
1160 1773 1320 1806 annus
1355 1766 1403 1806 et
1439 1758 1621 1805 almum

444 1856 570 1902 quae
604 1839 730 1902 rapit
763 1840 886 1887 hora
919 1838 1066 1888 diem.

309 1922 486 1985 frigora
521 1920 784 1970 mitescunt
820 1919 1067 1983 Zephyris,
1105 1935 1188 1968 ver
1224 1919 1428 1981 proterit
1463 1928 1622 1968 aestas

444 2002 707 2060 interitura,
745 2001 891 2049 simul
1793 2020 1839 2048 10

310 2083 520 2147 pomifer
554 2092 819 2131 autumnus
855 2084 1016 2146 fruges
1052 2079 1288 2141 effuderit,
1327 2089 1376 2129 et
1410 2097 1527 2129 mox
1623 2076 1627 2080 ’

443 2166 619 2213 bruma
652 2163 852 2213 recurrit
886 2162 1026 2211 iners.

309 2247 494 2295 damna
528 2255 695 2294 tamen
731 2245 915 2293 celeres
950 2252 1179 2306 reparant
1214 2241 1444 2291 caelestia
1477 2244 1653 2291 lunae:

444 2341 552 2385 nos,
588 2323 674 2372 ubi
709 2322 997 2382 decidimus,

312 2423 411 2470 quo
446 2406 555 2470 pius
592 2408 800 2464 Aeneas,
837 2420 938 2468 quo
973 2405 1148 2463 Tullus
1184 2403 1322 2452 dives
1357 2411 1406 2452 et
1443 2405 1625 2461 AncuS,
1791 2420 1836 2462 15

445 2487 606 2550 pulvis
641 2496 690 2536 et
725 2488 898 2536 umbra
933 2501 1115 2535 sumus.

312 2568 422 2631 quis
459 2568 549 2616 scit
584 2584 647 2615 an
684 2567 899 2615 adiciant
936 2565 1204 2615 hodiernae
1239 2563 1450 2612 crastina
1485 2580 1704 2612 summae

448 2659 670 2710 tempora
706 2646 757 2695 di
794 2645 992 2708 superi?

314 2739 492 2777 cuncta
527 2744 700 2776 manus
736 2726 903 2774 avidas
939 2725 1126 2789 fugient
1161 2724 1369 2783 heredis,
1406 2725 1565 2774 amico

447 2826 574 2872 quae
608 2809 801 2858 dederis
837 2808 1017 2857 animo.
1785 2825 1838 2857 20
