1930 3060
219 151 284 204 32

734 144 971 186 HORATI
1010 143 1353 185 CARMINUM

482 269 642 333 ipsum
680 285 760 317 me
795 267 969 316 melior
1003 283 1117 315 cum
1153 274 1343 328 peteret
1378 266 1567 323 VenuS,

483 360 619 414 grata
652 348 862 399 detinuit
896 348 1140 411 compede
1177 347 1389 409 Myrtale

484 431 724 489 libertina,
762 429 894 478 fretis
928 428 1083 477 acrior
1121 426 1342 476 Hadriae

620 510 862 560 curvantis
901 511 1138 560 Calabros
1174 507 1324 582 sinus.

927 724 1167 772 XXXIV.

490 867 669 913 Parcus
705 863 910 912 deorum
945 862 1103 909 cultor
1137 868 1186 908 et
1220 858 1514 922 infrequens,

488 944 774 994 insanientis
811 945 931 992 dum
967 941 1240 1005 sapientiae

556 1026 809 1076 consultus
845 1039 965 1081 erm,
1004 1038 1140 1071 nunc
1173 1029 1438 1070 retrorsum

623 1108 732 1155 vela
766 1106 884 1154 dare
919 1114 1067 1166 atque
1101 1102 1274 1151 iterare
1309 1117 1480 1150 cursus

489 1259 640 1307 cogor
673 1242 898 1292 relictos:
946 1256 1162 1303 namque
1200 1238 1463 1302 Diespiter,

489 1323 590 1388 igni
625 1340 830 1373 corusco
866 1309 1037 1371 nubila
1071 1320 1298 1371 dividens

558 1408 863 1469 plerumque,
902 1420 988 1467 per
1026 1418 1207 1466 purum
1240 1399 1457 1451 tonantis

626 1487 723 1549 egit
760 1502 917 1548 equos
953 1485 1300 1546 volucremque
1335 1497 1542 1540 currum,

492 1640 593 1687 quo
629 1624 772 1673 bruta
807 1624 950 1671 tellus
987 1630 1036 1670 et
1070 1636 1195 1683 vaga
1229 1617 1446 1676 flumina,

493 1721 593 1770 quo
629 1706 747 1768 Styx
781 1714 830 1753 et
866 1701 1006 1752 invisi
1042 1701 1240 1751 horrida
1275 1697 1488 1748 Taenari

560 1786 703 1835 sedes
740 1774 1101 1846 Atlanteusque
1135 1782 1247 1839 finis
1272 1778 1326 1831 »f
1415 1768 1425 1778 ⁸

626 1867 916 1916 concutitur.
988 1865 1118 1913 valet
1153 1862 1254 1911 ima
1289 1860 1493 1910 summis

493 2011 682 2053 mutare
718 2012 767 2052 et
801 2001 1044 2064 insignem
1080 2007 1304 2048 attenuat
1339 1998 1476 2056 deuS,

494 2086 703 2134 obscura
735 2099 998 2146 promens:
1043 2080 1160 2130 hinc
1192 2078 1385 2143 apicem
1421 2094 1573 2141 rapax

564 2168 780 2215 Fortuna
815 2181 930 2220 cum
965 2162 1172 2230 stridore
1208 2170 1355 2210 acuto

629 2245 837 2306 sustulit,
874 2245 956 2294 hic
990 2243 1214 2308 posuisse
1247 2243 1445 2305 gaudet.

863 2459 868 2462 ⁶
884 2488 887 2490 ·
960 2464 1168 2513 XXXV.

499 2606 546 2655 O
581 2603 707 2662 diva,
746 2610 936 2665 gratum
973 2616 1101 2663 quae
1136 2597 1262 2661 regis
1297 2595 1517 2656 Antium,

498 2701 729 2749 praesens
764 2685 842 2732 vel
877 2682 980 2731 imo
1015 2682 1187 2730 tollere
1222 2679 1285 2728 de
1319 2679 1474 2741 gradu

566 2766 772 2815 mortale
807 2779 987 2825 corpus
1024 2763 1101 2811 vel
1137 2761 1376 2824 superbos

632 2856 818 2896 vertere
855 2843 1104 2893 funeribus
1139 2842 1443 2904 triumphos:

1847 1715 1897 1744 10
