1930 3060
246 127 340 181 132
813 125 1050 166 HORATI
1091 126 1341 167 EPODON

1024 331 1112 378 IV.

506 456 658 523 Lupis
696 469 745 508 et
779 460 918 523 agnis
955 469 1140 522 quanta
1175 459 1350 510 sortito
1385 459 1578 525 obtigit,

640 550 803 589 tecum
840 540 961 588 mihi
997 540 1242 590 discordia
1277 550 1364 600 est,

509 620 758 670 Hibericis
794 630 992 683 peruste
1028 622 1226 671 funibus
1262 624 1389 672 latus

641 711 691 750 et
726 718 866 750 crura
900 703 1022 751 dura
1055 705 1314 767 compede.

505 783 620 832 licet
655 784 897 845 superbus
933 785 1157 834 ambules
1191 785 1419 849 pecunia,
1881 801 1906 848 5

641 867 838 913 fortuna
874 881 977 914 non
1012 875 1170 914 mutat
1205 883 1373 930 genus.

506 945 725 1005 videsne,
765 963 952 996 sacram
990 947 1227 996 metiente
1262 957 1310 997 te
1346 948 1475 997 viam

641 1044 754 1077 cum
790 1027 866 1076 bis
902 1029 1048 1077 trium
1085 1031 1309 1078 ulnarum
1346 1039 1474 1094 toga,

508 1119 562 1159 ut
597 1126 683 1159 ora
717 1119 873 1158 vertat
909 1110 1006 1158 huc
1042 1120 1091 1159 et
1127 1111 1223 1159 huc
1259 1111 1481 1160 euntium

642 1190 889 1240 liberrima
924 1190 1236 1255 indignatio?
1858 1212 1910 1242 10

512 1277 701 1322 ‘sectus
737 1272 939 1335 flagellis
974 1272 1056 1321 hic
1091 1269 1470 1322 triumviralibus

642 1353 900 1417 praeconis
935 1355 999 1403 ad
1034 1354 1286 1404 fastidium

508 1445 612 1484 arat
648 1435 842 1484 Falerni
878 1434 1010 1484 mille
1045 1436 1187 1485 fundi
1222 1435 1389 1500 iugera

641 1526 691 1565 et
726 1516 941 1580 Appiam
978 1516 1174 1566 mannis
1209 1517 1319 1567 terit

508 1596 844 1661 sedilibusque
880 1615 1088 1662 magnus
1123 1598 1174 1647 in
1209 1597 1375 1662 primis
1411 1615 1562 1662 eques
1858 1616 1906 1661 15

644 1681 844 1730 Othone
880 1689 1170 1744 contempto
1205 1681 1358 1730 sedet.

508 1761 630 1823 quid
665 1761 839 1810 attinet
876 1770 949 1810 tot
985 1778 1069 1811 ora
1105 1761 1304 1810 navium
1340 1762 1471 1826 gravi

644 1852 850 1892 rostrata
883 1842 1000 1891 duci
1035 1844 1259 1906 pondere

509 1933 681 1972 contra
716 1925 929 1972 latrones
964 1933 1113 1987 atque
1147 1923 1370 1973 servilem
1407 1939 1625 1986 manum,

643 2005 755 2065 hoc,
792 2005 889 2055 hoc
924 2005 1121 2055 tribuno
1159 2004 1424 2054 militum?'
1854 2023 1910 2055 20

1046 2220 1106 2267 V.

510 2351 608 2398 ‘At
643 2365 675 2398 o
710 2350 916 2398 deorum
953 2347 1189 2412 quicquid
1225 2348 1276 2397 in
1310 2350 1451 2399 caelo
1484 2349 1607 2413 regit

644 2439 794 2478 terras
830 2439 879 2479 et
914 2431 1187 2478 humanum
1221 2445 1390 2493 genus,

512 2511 631 2574 quid
667 2511 759 2560 iste
794 2513 885 2560 fert
920 2512 1173 2571 tumultuS,
1212 2521 1261 2561 et
1295 2510 1418 2574 quid
1452 2510 1674 2559 omnium

646 2594 808 2640 vultus
843 2592 893 2640 in
930 2609 1083 2640 unum
1120 2608 1200 2641 me
1235 2593 1435 2640 truces?

330 2772 391 2800 1v.
424 2764 462 2802 8.
520 2763 590 2801 All
627 2773 724 2802 MSS.
760 2764 866 2803 have
899 2763 960 2802 bis
991 2768 1067 2810 ter,
1101 2761 1236 2801 which
1269 2761 1303 2800 is
1336 2772 1550 2801 nonsense.
1607 2758 1741 2799 trium
1770 2758 1805 2801 is
1837 2757 1922 2800 the*

247 2830 474 2870 correction
503 2829 550 2869 of
573 2830 700 2870 Barth
730 2830 814 2879 (ob.
853 2827 986 2881 1658).
