<?xml version="1.0" encoding="UTF-8"?>
<!DOCTYPE html PUBLIC "-//W3C//DTD XHTML 1.0 Transitional//EN"
    "http://www.w3.org/TR/xhtml1/DTD/xhtml1-transitional.dtd">
<html xmlns="http://www.w3.org/1999/xhtml" xml:lang="en" lang="en">
 <head>
  <title>
</title>
<meta http-equiv="Content-Type" content="text/html;charset=utf-8" />
  <meta name='ocr-system' content='tesseract 3.04.00' />
  <meta name='ocr-capabilities' content='ocr_page ocr_carea ocr_par ocr_line ocrx_word'/>
</head>
<body>
  <div class='ocr_page' id='page_1' title='image "./carminaliberepod00horauoft_0055.png"; bbox 0 0 1930 3060; ppageno 0'>
   <div class='ocr_carea' id='block_1_1' title="bbox 773 139 1220 191">
    <p class='ocr_par' dir='ltr' id='par_1_1' title="bbox 773 139 1220 191">
     <span class='ocr_line' id='line_1_1' title="bbox 773 139 1220 191; baseline 0.004 -2"><span class='ocrx_word' id='word_1_1' title='bbox 773 149 887 191; x_wconf 78' lang='lat' dir='ltr'>Lm.</span> <span class='ocrx_word' id='word_1_2' title='bbox 927 150 959 189; x_wconf 91' lang='lat'>1.</span> <span class='ocrx_word' id='word_1_3' title='bbox 1001 139 1220 191; x_wconf 86' lang='lat' dir='ltr'>viii—x.</span> 
     </span>
    </p>
   </div>
   <div class='ocr_carea' id='block_1_2' title="bbox 422 271 1567 577">
    <p class='ocr_par' dir='ltr' id='par_1_2' title="bbox 422 271 1567 577">
     <span class='ocr_line' id='line_1_2' title="bbox 423 271 1567 335; baseline 0.001 -15"><span class='ocrx_word' id='word_1_4' title='bbox 423 271 543 335; x_wconf 92' lang='lat' dir='ltr'>quid</span> <span class='ocrx_word' id='word_1_5' title='bbox 579 271 639 320; x_wconf 90' lang='lat' dir='ltr'>sit</span> <span class='ocrx_word' id='word_1_6' title='bbox 675 272 888 320; x_wconf 85' lang='lat' dir='ltr'>futurum</span> <span class='ocrx_word' id='word_1_7' title='bbox 924 288 1045 331; x_wconf 89' lang='lat' dir='ltr'>cras,</span> <span class='ocrx_word' id='word_1_8' title='bbox 1084 273 1197 334; x_wconf 87' lang='lat' dir='ltr'>fuge</span> <span class='ocrx_word' id='word_1_9' title='bbox 1233 287 1481 333; x_wconf 85' lang='lat' dir='ltr'>quaerere,</span> <span class='ocrx_word' id='word_1_10' title='bbox 1518 280 1567 321; x_wconf 89' lang='lat' dir='ltr'>et</span> 
     </span>
     <span class='ocr_line' id='line_1_3' title="bbox 422 351 1550 416; baseline 0.002 -17"><span class='ocrx_word' id='word_1_11' title='bbox 422 368 573 416; x_wconf 89' lang='lat' dir='ltr'>quem</span> <span class='ocrx_word' id='word_1_12' title='bbox 607 353 706 401; x_wconf 85' lang='lat' dir='ltr'>fors</span> <span class='ocrx_word' id='word_1_13' title='bbox 742 352 934 400; x_wconf 87' lang='lat' dir='ltr'>dierum</span> <span class='ocrx_word' id='word_1_14' title='bbox 970 367 1186 414; x_wconf 85' lang='lat' dir='ltr'>cumque</span> <span class='ocrx_word' id='word_1_15' title='bbox 1221 351 1376 410; x_wconf 89' lang='lat' dir='ltr'>dabit,</span> <span class='ocrx_word' id='word_1_16' title='bbox 1413 354 1550 401; x_wconf 91' lang='lat' dir='ltr'>lucro</span> 
     </span>
     <span class='ocr_line' id='line_1_4' title="bbox 485 433 1254 496; baseline 0.001 -16"><span class='ocrx_word' id='word_1_17' title='bbox 485 448 698 496; x_wconf 90' lang='lat' dir='ltr'>appone,</span> <span class='ocrx_word' id='word_1_18' title='bbox 736 449 831 481; x_wconf 92' lang='lat' dir='ltr'>nec</span> <span class='ocrx_word' id='word_1_19' title='bbox 866 433 1024 481; x_wconf 90' lang='lat' dir='ltr'>dulcis</span> <span class='ocrx_word' id='word_1_20' title='bbox 1059 449 1254 482; x_wconf 89' lang='lat' dir='ltr'>amores</span> 
     </span>
     <span class='ocr_line' id='line_1_5' title="bbox 556 515 1434 577; baseline 0.002 -16"><span class='ocrx_word' id='word_1_21' title='bbox 556 529 733 577; x_wconf 89' lang='lat' dir='ltr'>sperne</span> <span class='ocrx_word' id='word_1_22' title='bbox 768 529 891 576; x_wconf 92' lang='lat' dir='ltr'>puer</span> <span class='ocrx_word' id='word_1_23' title='bbox 924 530 1089 576; x_wconf 90' lang='lat' dir='ltr'>neque</span> <span class='ocrx_word' id='word_1_24' title='bbox 1124 523 1178 563; x_wconf 90' lang='lat' dir='ltr'>tu</span> <span class='ocrx_word' id='word_1_25' title='bbox 1214 515 1434 574; x_wconf 77' lang='lat' dir='ltr'>choreaS‚</span> 
     </span>
    </p>
   </div>
   <div class='ocr_carea' id='block_1_3' title="bbox 421 624 1414 932">
    <p class='ocr_par' dir='ltr' id='par_1_3' title="bbox 421 624 1414 932">
     <span class='ocr_line' id='line_1_6' title="bbox 423 624 1220 674; baseline 0 0"><span class='ocrx_word' id='word_1_26' title='bbox 423 625 590 674; x_wconf 90' lang='lat' dir='ltr'>donec</span> <span class='ocrx_word' id='word_1_27' title='bbox 623 624 801 674; x_wconf 84' lang='lat' dir='ltr'>virenti</span> <span class='ocrx_word' id='word_1_28' title='bbox 835 624 1044 674; x_wconf 86' lang='lat' dir='ltr'>canities</span> <span class='ocrx_word' id='word_1_29' title='bbox 1079 627 1220 674; x_wconf 88' lang='lat' dir='ltr'>abest</span> 
     </span>
     <span class='ocr_line' id='line_1_7' title="bbox 421 714 1414 770; baseline 0.002 -16"><span class='ocrx_word' id='word_1_30' title='bbox 421 721 630 755; x_wconf 88' lang='lat' dir='ltr'>morosa.</span> <span class='ocrx_word' id='word_1_31' title='bbox 691 722 826 754; x_wconf 90' lang='lat' dir='ltr'>nunc</span> <span class='ocrx_word' id='word_1_32' title='bbox 860 715 911 755; x_wconf 93' lang='lat' dir='ltr'>et</span> <span class='ocrx_word' id='word_1_33' title='bbox 946 714 1150 770; x_wconf 88' lang='lat' dir='ltr'>campus</span> <span class='ocrx_word' id='word_1_34' title='bbox 1186 715 1235 756; x_wconf 92' lang='lat' dir='ltr'>et</span> <span class='ocrx_word' id='word_1_35' title='bbox 1270 722 1414 756; x_wconf 87' lang='lat' dir='ltr'>areae</span> 
     </span>
     <span class='ocr_line' id='line_1_8' title="bbox 488 787 1308 850; baseline 0.001 -15"><span class='ocrx_word' id='word_1_36' title='bbox 488 788 725 850; x_wconf 91' lang='lat' dir='ltr'>lenesque</span> <span class='ocrx_word' id='word_1_37' title='bbox 761 788 853 836; x_wconf 90' lang='lat' dir='ltr'>sub</span> <span class='ocrx_word' id='word_1_38' title='bbox 889 797 1090 837; x_wconf 91' lang='lat' dir='ltr'>noctem</span> <span class='ocrx_word' id='word_1_39' title='bbox 1127 787 1308 837; x_wconf 90' lang='lat' dir='ltr'>susurri</span> 
     </span>
     <span class='ocr_line' id='line_1_9' title="bbox 556 867 1344 932; baseline 0.003 -16"><span class='ocrx_word' id='word_1_40' title='bbox 556 867 834 932; x_wconf 89' lang='lat' dir='ltr'>composita</span> <span class='ocrx_word' id='word_1_41' title='bbox 869 878 1156 932; x_wconf 89' lang='lat' dir='ltr'>repetantur</span> <span class='ocrx_word' id='word_1_42' title='bbox 1189 871 1344 930; x_wconf 87' lang='lat' dir='ltr'>hora,·</span> 
     </span>
    </p>
   </div>
   <div class='ocr_carea' id='block_1_4' title="bbox 421 977 1345 1287">
    <p class='ocr_par' dir='ltr' id='par_1_4' title="bbox 421 977 1345 1287">
     <span class='ocr_line' id='line_1_10' title="bbox 421 977 1345 1042; baseline 0 -15"><span class='ocrx_word' id='word_1_43' title='bbox 421 993 556 1027; x_wconf 90' lang='lat' dir='ltr'>nunc</span> <span class='ocrx_word' id='word_1_44' title='bbox 590 986 640 1027; x_wconf 89' lang='lat' dir='ltr'>et</span> <span class='ocrx_word' id='word_1_45' title='bbox 674 977 873 1027; x_wconf 89' lang='lat' dir='ltr'>latentis</span> <span class='ocrx_word' id='word_1_46' title='bbox 907 978 1134 1042; x_wconf 89' lang='lat' dir='ltr'>proditor</span> <span class='ocrx_word' id='word_1_47' title='bbox 1167 978 1345 1027; x_wconf 91' lang='lat' dir='ltr'>intimo</span> 
     </span>
     <span class='ocr_line' id='line_1_11' title="bbox 422 1058 1294 1124; baseline 0.001 -17"><span class='ocrx_word' id='word_1_48' title='bbox 422 1069 588 1124; x_wconf 90' lang='lat' dir='ltr'>gratus</span> <span class='ocrx_word' id='word_1_49' title='bbox 622 1060 818 1122; x_wconf 90' lang='lat' dir='ltr'>puellae</span> <span class='ocrx_word' id='word_1_50' title='bbox 852 1058 974 1109; x_wconf 91' lang='lat' dir='ltr'>risus</span> <span class='ocrx_word' id='word_1_51' title='bbox 1011 1061 1075 1110; x_wconf 88' lang='lat' dir='ltr'>ab</span> <span class='ocrx_word' id='word_1_52' title='bbox 1110 1061 1294 1124; x_wconf 88' lang='lat' dir='ltr'>angulo</span> 
     </span>
     <span class='ocr_line' id='line_1_12' title="bbox 490 1139 1299 1205; baseline 0.002 -17"><span class='ocrx_word' id='word_1_53' title='bbox 490 1139 773 1204; x_wconf 89' lang='lat' dir='ltr'>pignusque</span> <span class='ocrx_word' id='word_1_54' title='bbox 808 1142 1067 1205; x_wconf 90' lang='lat' dir='ltr'>dereptum</span> <span class='ocrx_word' id='word_1_55' title='bbox 1104 1140 1299 1190; x_wconf 90' lang='lat' dir='ltr'>lacertis</span> 
     </span>
     <span class='ocr_line' id='line_1_13' title="bbox 558 1222 1291 1287; baseline 0.001 -17"><span class='ocrx_word' id='word_1_56' title='bbox 558 1232 644 1271; x_wconf 91' lang='lat' dir='ltr'>aut</span> <span class='ocrx_word' id='word_1_57' title='bbox 679 1222 836 1286; x_wconf 88' lang='lat' dir='ltr'>digito</span> <span class='ocrx_word' id='word_1_58' title='bbox 872 1225 1002 1273; x_wconf 90' lang='lat' dir='ltr'>male</span> <span class='ocrx_word' id='word_1_59' title='bbox 1037 1222 1291 1287; x_wconf 86' lang='lat' dir='ltr'>pertinaci.</span> 
     </span>
    </p>
   </div>
   <div class='ocr_carea' id='block_1_5' title="bbox 958 1428 1018 1476">
    <p class='ocr_par' dir='ltr' id='par_1_5' title="bbox 958 1428 1018 1476">
     <span class='ocr_line' id='line_1_14' title="bbox 958 1428 1018 1476; baseline -0.033 0"><span class='ocrx_word' id='word_1_60' title='bbox 958 1428 1018 1476; x_wconf 89' lang='lat' dir='ltr'>X.</span> 
     </span>
    </p>
   </div>
   <div class='ocr_carea' id='block_1_6' title="bbox 426 1553 1458 1864">
    <p class='ocr_par' dir='ltr' id='par_1_6' title="bbox 429 1553 1366 1619">
     <span class='ocr_line' id='line_1_15' title="bbox 429 1553 1366 1619; baseline -0.003 -13"><span class='ocrx_word' id='word_1_61' title='bbox 429 1554 660 1615; x_wconf 86' lang='lat' dir='ltr'>Mercuri,</span> <span class='ocrx_word' id='word_1_62' title='bbox 697 1555 910 1604; x_wconf 84' lang='lat' dir='ltr'>facunde</span> <span class='ocrx_word' id='word_1_63' title='bbox 945 1571 1102 1619; x_wconf 90' lang='lat' dir='ltr'>nepos</span> <span class='ocrx_word' id='word_1_64' title='bbox 1139 1553 1366 1615; x_wconf 80' lang='lat' dir='ltr'>AtlantiS‚</span> 
     </span>
    </p>

    <p class='ocr_par' dir='ltr' id='par_1_7' title="bbox 426 1636 1458 1702">
     <span class='ocr_line' id='line_1_16' title="bbox 426 1636 1458 1702; baseline -0.002 -15"><span class='ocrx_word' id='word_1_65' title='bbox 426 1639 511 1702; x_wconf 88' lang='lat' dir='ltr'>qui</span> <span class='ocrx_word' id='word_1_66' title='bbox 547 1639 675 1688; x_wconf 86' lang='lat' dir='ltr'>feros</span> <span class='ocrx_word' id='word_1_67' title='bbox 710 1639 871 1686; x_wconf 91' lang='lat' dir='ltr'>cultus</span> <span class='ocrx_word' id='word_1_68' title='bbox 906 1636 1166 1686; x_wconf 89' lang='lat' dir='ltr'>hominum</span> <span class='ocrx_word' id='word_1_69' title='bbox 1202 1646 1458 1686; x_wconf 89' lang='lat' dir='ltr'>recentum</span> 
     </span>
    </p>

    <p class='ocr_par' dir='ltr' id='par_1_8' title="bbox 427 1718 1310 1864">
     <span class='ocr_line' id='line_1_17' title="bbox 427 1718 1310 1770; baseline -0.002 0"><span class='ocrx_word' id='word_1_70' title='bbox 427 1735 550 1770; x_wconf 89' lang='lat' dir='ltr'>voce</span> <span class='ocrx_word' id='word_1_71' title='bbox 585 1718 804 1769; x_wconf 88' lang='lat' dir='ltr'>formasti</span> <span class='ocrx_word' id='word_1_72' title='bbox 840 1728 979 1767; x_wconf 90' lang='lat' dir='ltr'>catus</span> <span class='ocrx_word' id='word_1_73' title='bbox 1014 1729 1063 1767; x_wconf 91' lang='lat' dir='ltr'>et</span> <span class='ocrx_word' id='word_1_74' title='bbox 1099 1720 1310 1768; x_wconf 86' lang='lat' dir='ltr'>decorae</span> 
     </span>
     <span class='ocr_line' id='line_1_18' title="bbox 560 1803 1018 1864; baseline 0 -15"><span class='ocrx_word' id='word_1_75' title='bbox 560 1817 697 1851; x_wconf 90' lang='lat' dir='ltr'>more</span> <span class='ocrx_word' id='word_1_76' title='bbox 733 1803 1018 1864; x_wconf 86' lang='lat' dir='ltr'>palaestrae,</span> 
     </span>
    </p>
   </div>
   <div class='ocr_carea' id='block_1_7' title="bbox 424 1907 1437 2204">
    <p class='ocr_par' dir='ltr' id='par_1_9' title="bbox 426 1907 1407 1972">
     <span class='ocr_line' id='line_1_19' title="bbox 426 1907 1407 1972; baseline -0.003 -13"><span class='ocrx_word' id='word_1_77' title='bbox 426 1919 476 1959; x_wconf 90' lang='lat' dir='ltr'>te</span> <span class='ocrx_word' id='word_1_78' title='bbox 511 1925 704 1968; x_wconf 89' lang='lat' dir='ltr'>canam,</span> <span class='ocrx_word' id='word_1_79' title='bbox 741 1908 908 1972; x_wconf 89' lang='lat' dir='ltr'>magni</span> <span class='ocrx_word' id='word_1_80' title='bbox 946 1907 1078 1958; x_wconf 90' lang='lat' dir='ltr'>Iovis</span> <span class='ocrx_word' id='word_1_81' title='bbox 1115 1917 1164 1957; x_wconf 89' lang='lat' dir='ltr'>et</span> <span class='ocrx_word' id='word_1_82' title='bbox 1199 1908 1407 1957; x_wconf 89' lang='lat' dir='ltr'>deorum</span> 
     </span>
    </p>

    <p class='ocr_par' dir='ltr' id='par_1_10' title="bbox 425 1991 1437 2053">
     <span class='ocr_line' id='line_1_20' title="bbox 425 1991 1437 2053; baseline -0.003 -13"><span class='ocrx_word' id='word_1_83' title='bbox 425 1991 654 2040; x_wconf 90' lang='lat' dir='ltr'>nuntium</span> <span class='ocrx_word' id='word_1_84' title='bbox 689 2006 965 2053; x_wconf 87' lang='lat' dir='ltr'>curvaeque</span> <span class='ocrx_word' id='word_1_85' title='bbox 1001 1991 1133 2053; x_wconf 90' lang='lat' dir='ltr'>lyrae</span> <span class='ocrx_word' id='word_1_86' title='bbox 1168 1999 1437 2053; x_wconf 87' lang='lat' dir='ltr'>parentem,</span> 
     </span>
    </p>

    <p class='ocr_par' dir='ltr' id='par_1_11' title="bbox 424 2070 1367 2204">
     <span class='ocr_line' id='line_1_21' title="bbox 424 2070 1367 2135; baseline -0.002 -13"><span class='ocrx_word' id='word_1_87' title='bbox 424 2072 659 2122; x_wconf 88' lang='lat' dir='ltr'>callidum</span> <span class='ocrx_word' id='word_1_88' title='bbox 695 2072 936 2135; x_wconf 91' lang='lat' dir='ltr'>quicquid</span> <span class='ocrx_word' id='word_1_89' title='bbox 973 2071 1158 2135; x_wconf 85' lang='lat' dir='ltr'>placuit</span> <span class='ocrx_word' id='word_1_90' title='bbox 1196 2070 1367 2121; x_wconf 90' lang='lat' dir='ltr'>iocoso</span> 
     </span>
     <span class='ocr_line' id='line_1_22' title="bbox 557 2155 949 2204; baseline 0 -1"><span class='ocrx_word' id='word_1_91' title='bbox 557 2155 773 2204; x_wconf 89' lang='lat' dir='ltr'>condere</span> <span class='ocrx_word' id='word_1_92' title='bbox 808 2155 949 2203; x_wconf 78' lang='lat' dir='ltr'>furto,</span> 
     </span>
    </p>
   </div>
   <div class='ocr_carea' id='block_1_8' title="bbox 422 2263 1422 2575">
    <p class='ocr_par' dir='ltr' id='par_1_12' title="bbox 424 2263 1299 2327">
     <span class='ocr_line' id='line_1_23' title="bbox 424 2263 1299 2327; baseline -0.003 -11"><span class='ocrx_word' id='word_1_93' title='bbox 424 2275 489 2327; x_wconf 90' lang='lat' dir='ltr'>te,</span> <span class='ocrx_word' id='word_1_94' title='bbox 526 2267 679 2316; x_wconf 89' lang='lat' dir='ltr'>boves</span> <span class='ocrx_word' id='word_1_95' title='bbox 714 2265 834 2315; x_wconf 90' lang='lat' dir='ltr'>olim</span> <span class='ocrx_word' id='word_1_96' title='bbox 869 2265 964 2314; x_wconf 91' lang='lat' dir='ltr'>nisi</span> <span class='ocrx_word' id='word_1_97' title='bbox 999 2263 1299 2315; x_wconf 87' lang='lat' dir='ltr'>reddidisses</span> 
     </span>
    </p>

    <p class='ocr_par' dir='ltr' id='par_1_13' title="bbox 422 2346 1422 2412">
     <span class='ocr_line' id='line_1_24' title="bbox 422 2346 1422 2412; baseline -0.004 -15"><span class='ocrx_word' id='word_1_98' title='bbox 422 2364 512 2412; x_wconf 89' lang='lat' dir='ltr'>per</span> <span class='ocrx_word' id='word_1_99' title='bbox 545 2348 717 2397; x_wconf 90' lang='lat' dir='ltr'>dolum</span> <span class='ocrx_word' id='word_1_100' title='bbox 755 2359 960 2408; x_wconf 79' lang='lat' dir='ltr'>amotaS‚</span> <span class='ocrx_word' id='word_1_101' title='bbox 998 2363 1206 2411; x_wconf 89' lang='lat' dir='ltr'>puerum</span> <span class='ocrx_word' id='word_1_102' title='bbox 1243 2346 1422 2394; x_wconf 89' lang='lat' dir='ltr'>minaci</span> 
     </span>
    </p>

    <p class='ocr_par' dir='ltr' id='par_1_14' title="bbox 423 2428 1380 2575">
     <span class='ocr_line' id='line_1_25' title="bbox 423 2428 1380 2490; baseline -0.003 -11"><span class='ocrx_word' id='word_1_103' title='bbox 423 2446 547 2480; x_wconf 89' lang='lat' dir='ltr'>voce</span> <span class='ocrx_word' id='word_1_104' title='bbox 583 2431 705 2479; x_wconf 89' lang='lat' dir='ltr'>dum</span> <span class='ocrx_word' id='word_1_105' title='bbox 741 2438 901 2489; x_wconf 89' lang='lat' dir='ltr'>terret,</span> <span class='ocrx_word' id='word_1_106' title='bbox 939 2428 1116 2478; x_wconf 91' lang='lat' dir='ltr'>viduus</span> <span class='ocrx_word' id='word_1_107' title='bbox 1151 2429 1380 2490; x_wconf 79' lang='lat' dir='ltr'>pharetra</span> 
     </span>
     <span class='ocr_line' id='line_1_26' title="bbox 558 2511 895 2575; baseline -0.003 -14"><span class='ocrx_word' id='word_1_108' title='bbox 558 2511 662 2561; x_wconf 91' lang='lat' dir='ltr'>risit</span> <span class='ocrx_word' id='word_1_109' title='bbox 697 2512 895 2575; x_wconf 78' lang='lat' dir='ltr'>Apollo,</span> 
     </span>
    </p>
   </div>
   <div class='ocr_carea' id='block_1_9' title="bbox 424 2618 1460 2914">
    <p class='ocr_par' dir='ltr' id='par_1_15' title="bbox 424 2618 1385 2683">
     <span class='ocr_line' id='line_1_27' title="bbox 424 2618 1385 2683; baseline -0.001 -15"><span class='ocrx_word' id='word_1_110' title='bbox 424 2618 546 2683; x_wconf 86' lang='lat' dir='ltr'>quin</span> <span class='ocrx_word' id='word_1_111' title='bbox 581 2630 631 2670; x_wconf 92' lang='lat' dir='ltr'>et</span> <span class='ocrx_word' id='word_1_112' title='bbox 667 2620 864 2669; x_wconf 87' lang='lat' dir='ltr'>Atridas</span> <span class='ocrx_word' id='word_1_113' title='bbox 900 2621 1029 2669; x_wconf 91' lang='lat' dir='ltr'>duce</span> <span class='ocrx_word' id='word_1_114' title='bbox 1064 2628 1113 2668; x_wconf 89' lang='lat' dir='ltr'>te</span> <span class='ocrx_word' id='word_1_115' title='bbox 1149 2618 1385 2682; x_wconf 86' lang='lat' dir='ltr'>superbos</span> 
     </span>
    </p>

    <p class='ocr_par' dir='ltr' id='par_1_16' title="bbox 428 2698 1163 2752">
     <span class='ocr_line' id='line_1_28' title="bbox 428 2698 1163 2752; baseline 0 -3"><span class='ocrx_word' id='word_1_116' title='bbox 428 2702 523 2751; x_wconf 90' lang='lat' dir='ltr'>Ilio</span> <span class='ocrx_word' id='word_1_117' title='bbox 558 2701 698 2752; x_wconf 88' lang='lat' dir='ltr'>dives</span> <span class='ocrx_word' id='word_1_118' title='bbox 735 2701 957 2751; x_wconf 89' lang='lat' dir='ltr'>Priamus</span> <span class='ocrx_word' id='word_1_119' title='bbox 993 2698 1163 2750; x_wconf 90' lang='lat' dir='ltr'>relicto</span> 
     </span>
    </p>

    <p class='ocr_par' dir='ltr' id='par_1_17' title="bbox 425 2781 1460 2914">
     <span class='ocr_line' id='line_1_29' title="bbox 425 2781 1460 2847; baseline -0.001 -15"><span class='ocrx_word' id='word_1_120' title='bbox 425 2784 793 2847; x_wconf 89' lang='lat' dir='ltr'>Thessalosque</span> <span class='ocrx_word' id='word_1_121' title='bbox 828 2782 952 2847; x_wconf 89' lang='lat' dir='ltr'>ignis</span> <span class='ocrx_word' id='word_1_122' title='bbox 988 2791 1037 2830; x_wconf 91' lang='lat' dir='ltr'>et</span> <span class='ocrx_word' id='word_1_123' title='bbox 1074 2782 1242 2844; x_wconf 89' lang='lat' dir='ltr'>iniqua</span> <span class='ocrx_word' id='word_1_124' title='bbox 1276 2781 1460 2831; x_wconf 90' lang='lat' dir='ltr'>Troiae</span> 
     </span>
     <span class='ocr_line' id='line_1_30' title="bbox 560 2864 937 2914; baseline -0.003 0"><span class='ocrx_word' id='word_1_125' title='bbox 560 2875 720 2914; x_wconf 85' lang='lat' dir='ltr'>castra</span> <span class='ocrx_word' id='word_1_126' title='bbox 756 2864 937 2914; x_wconf 83' lang='lat' dir='ltr'>fefellit.</span> 
     </span>
    </p>
   </div>
   <div class='ocr_carea' id='block_1_10' title="bbox 1761 151 1817 191">
    <p class='ocr_par' dir='ltr' id='par_1_18' title="bbox 1761 151 1817 191">
     <span class='ocr_line' id='line_1_31' title="bbox 1761 151 1817 191; baseline 0.018 -1"><span class='ocrx_word' id='word_1_127' title='bbox 1761 151 1817 191; x_wconf 85' lang='lat'>11</span> 
     </span>
    </p>
   </div>
   <div class='ocr_carea' id='block_1_11' title="bbox 1779 451 1824 494">
    <p class='ocr_par' dir='ltr' id='par_1_19' title="bbox 1779 451 1824 494">
     <span class='ocr_line' id='line_1_32' title="bbox 1779 451 1824 494; baseline 0 0"><span class='ocrx_word' id='word_1_128' title='bbox 1779 451 1824 494; x_wconf 89' lang='grc' dir='ltr'>Ῑ5</span> 
     </span>
    </p>
   </div>
   <div class='ocr_carea' id='block_1_12' title="bbox 1774 888 1829 918">
    <p class='ocr_par' dir='ltr' id='par_1_20' title="bbox 1774 888 1829 918">
     <span class='ocr_line' id='line_1_33' title="bbox 1774 888 1829 918; baseline -0.018 0"><span class='ocrx_word' id='word_1_129' title='bbox 1774 888 1829 918; x_wconf 87' lang='grc'>20</span> 
     </span>
    </p>
   </div>
   <div class='ocr_carea' id='block_1_13' title="bbox 1780 2364 1830 2395">
    <p class='ocr_par' dir='ltr' id='par_1_21' title="bbox 1780 2364 1830 2395">
     <span class='ocr_line' id='line_1_34' title="bbox 1780 2364 1830 2395; baseline -0.02 0"><span class='ocrx_word' id='word_1_130' title='bbox 1780 2364 1830 2395; x_wconf 85' lang='lat'>10</span> 
     </span>
    </p>
   </div>
  </div>
 </body>
</html>
