1930 3060
748 114 985 155 HORATI
1025 115 1367 158 CARMINUM

491 237 543 285 in
578 239 842 301 pulverem,
881 257 942 289 ex
977 257 1079 303 quo
1114 241 1335 291 destituit
1370 242 1493 291 deos

492 321 721 368 mercede
756 329 903 381 pacta
938 323 1247 380 Laomedon,
1284 322 1404 371 mihi

561 409 824 463 castaeque
860 403 1149 451 damnatum
1187 403 1444 452 Minervae

627 498 741 530 cum
778 484 964 545 populo
998 493 1048 532 et
1083 485 1210 532 duce
1245 485 1568 535 fraudulento,

494 588 592 638 iarn
629 606 721 638 nec
759 591 1015 640 Lacaenae
1050 592 1281 654 splendet
1317 591 1568 640 adulterae

493 671 712 719 famosus
748 673 932 734 hospes
968 687 1062 721 nec
1098 672 1278 721 Priami
1314 673 1494 720 domus

561 752 753 814 periura
787 752 1024 815 pugnacis
1060 753 1278 803 Achivos

632 834 893 883 Hectoreis
929 834 1107 898 opibus
1141 834 1370 898 refringit,

496 943 774 1006 nostrisque
810 945 1015 993 ductum
1053 944 1378 994 seditionibus

496 1025 681 1074 bellum
716 1026 911 1075 resedit.
983 1025 1207 1088 protinus
1243 1037 1292 1075 et
1326 1026 1485 1089 gravis

563 1105 655 1155 iras
693 1116 742 1156 et
776 1106 987 1155 invisum
1024 1116 1276 1170 nepotem,

631 1188 813 1237 Troica
848 1204 997 1250 quem
1034 1187 1225 1251 peperit
1261 1190 1508 1250 sacerdos,

499 1297 648 1345 Marti
677 1297 940 1361 >redonabo
955 1315 969 1358 ;
1016 1298 1154 1346 illum
1191 1314 1284 1361 ego
1319 1298 1508 1347 lucidas

497 1377 620 1427 inire
655 1379 812 1438 sedes,
851 1380 1040 1428 discere
1076 1379 1283 1428 nectaris

564 1475 710 1508 sucos
747 1469 796 1509 et
831 1459 1043 1509 adscribi
1079 1459 1255 1523 quietis

633 1540 889 1591 ordinibus
926 1542 1081 1604 patiar
1115 1542 1331 1591 deorum.

498 1651 619 1700 dum
653 1653 830 1716 longus
867 1651 995 1701 inter
1030 1653 1217 1701 saeviat
1254 1652 1382 1702 Ilion

501 1734 817 1796 Romamque
853 1742 1052 1797 pontuS‚
1089 1733 1307 1796 qualibet
1343 1734 1510 1784 exules

566 1814 617 1862 in
652 1824 789 1877 parte
824 1824 1064 1878 regnanto
1100 1813 1262 1875 beati3

634 1897 753 1945 dum
791 1894 972 1944 Priami
1009 1894 1295 1957 Paridisque
1330 1896 1478 1946 busto

500 2004 700 2055 insultet
733 2014 1013 2055 armentum
1049 2014 1098 2055 et
1132 2007 1325 2054 catulos
1361 2008 1492 2055 ferae

499 2088 663 2135 celent
697 2085 895 2146 inultae,
933 2096 1028 2137 stet
1064 2085 1370 2150 Capitolium

566 2169 759 2231 fulgens
795 2168 1203 2231 triumphatisque
1238 2168 1395 2231 possit

636 2251 799 2298 Roma
834 2251 970 2299 ferox
1006 2250 1124 2299 dare
1158 2249 1263 2299 iura
1301 2249 1479 2300 Medis.

501 2358 748 2407 horrenda
782 2359 880 2406 late
917 2374 1102 2407 nomen
1139 2358 1190 2406 in
1227 2358 1423 2407 ultimas

501 2440 736 2488 extendat
771 2456 895 2497 oras,
934 2455 1033 2500 qua
1068 2438 1262 2506 medius
1296 2439 1458 2503 liquor

571 2522 780 2570 secernit
816 2522 1050 2583 Europen
1085 2523 1149 2570 ab
1184 2522 1320 2581 Afro,

637 2618 736 2663 qua
770 2601 987 2650 tumidus
1023 2601 1146 2665 rigat
1182 2618 1296 2650 arva
1333 2601 1491 2651 Nilus.

234 2844 368 2884 better
387 2843 624 2896 supported.

1847 610 1898 652 25

1849 1045 1902 1086 30

1851 1479 1901 1522 35

1849 1917 1905 1957 40

1850 2377 1903 2419 45

318 2786 388 2815 111.
421 2789 486 2827 34.
543 2776 583 2815 A
615 2774 692 2815 few
725 2785 820 2814 MSS·
853 2774 959 2814 have
991 2775 1131 2813 ducere
1162 2775 1190 2823 (⁶
1205 2780 1249 2813 to
1277 2773 1457 2826 quaff'):
1493 2774 1567 2814 but
1599 2774 1749 2815 discere
1777 2777 1811 2814 is
1844 2775 1904 2814 far
